2592 3964
264 175 380 236 LIBER
394 175 526 237 lllllllll.
547 176 743 237 CAP.12.13.
764 182 803 250 [a.
821 175 930 250 0186]
1043 173 1084 238 ll

98 327 156 404 qul
177 325 218 387 ab
238 326 291 388 illa
310 327 458 390 audisset
484 327 563 390 xm.
585 328 694 390 milliar
713 329 796 391 haud
818 330 926 404 dubie,
948 331 980 390 id
1002 330 1087 403 quod

96 417 183 484 crat,
205 411 371 472 Aebutium
386 411 518 472 indicem
530 413 634 473 arcani
649 419 715 474 rata
729 429 802 473 esse
815 413 856 473 ad
870 416 968 489 pedes
984 412 1086 488 Sulpi-

98 494 170 557 ciae
185 494 326 570 procidit,
342 503 449 556 eteam
459 495 558 570 primo
571 513 660 557 orare
672 494 783 572 coepit,
799 512 838 556 ne
849 497 984 558 mulieris
996 497 1088 557 liber·

97 578 185 640 tinae
206 594 276 638 cum
297 586 433 639 amatore
449 595 622 640 samonem
641 580 672 639 in
693 596 757 641 rem
778 595 840 641 nan
861 581 972 640 seriam
993 580 1088 641 moda

97 662 159 722 sed
183 661 345 737 capitalem
365 660 456 724 etiam
477 662 556 723 verli
570 664 676 724 velletz
699 677 735 724 se
748 664 884 724 terrendi
899 661 967 724 eius
982 679 1087 736 causa,

98 763 164 806 non
187 744 273 821 quad
287 745 380 806 sciret
395 746 574 821 quicquam,
597 762 635 806 ea
648 747 782 808 locutam
796 762 878 807 csse.
913 746 963 806 hic
976 747 1087 809 Postu·

97 829 182 890 mins
202 843 356 890 accensus
376 829 421 890 ira
439 836 502 890 tum
525 846 650 906 quoque
670 829 712 891 ait
731 845 798 890 eam
820 845 890 892 cum
904 829 1037 890 Aebutio
1053 845 1090 890 se

98 919 241 973 amatore
256 912 392 973 cavillari
407 914 543 986 credere,
559 930 620 975 non
634 912 665 974 in
676 914 769 977 doma
783 913 988 989 gravissimae
1003 912 1089 974 lemi-

99 1012 161 1058 nae
177 1002 292 1056 etcum
306 997 435 1057 consule
449 997 545 1073 loqui.
566 1004 598 1057 et
611 995 748 1072 Sulpicia
762 999 901 1059 attollere
914 1004 1088 1073 paventem,

98 1080 193 1141 simul
213 1079 296 1139 illam
317 1078 488 1154 adhortari,
508 1081 597 1141 simul
618 1081 694 1141 iram
708 1081 814 1156 generi
828 1081 934 1142 lenire.
966 1080 1090 1141 tandem

99 1163 297 1237 confirmata,
318 1165 445 1226 miiitum
459 1163 601 1225 incusata
615 1165 746 1239 pertidia
758 1163 899 1238 Aebutii,
915 1161 968 1240 qui
982 1161 1091 1239 optimi

98 1246 130 1307 in
146 1261 187 1306 eo
207 1247 278 1322 ipso
299 1245 396 1307 meriti
417 1249 508 1309 talem
528 1249 655 1322 gratiam
670 1248 852 1322 rettulisset,
872 1263 1016 1322 magnum
1030 1245 1091 1308 sibi

100 1339 216 1391 metum
237 1329 380 1403 deorum,
403 1347 534 1406 quorum
556 1331 774 1393 occultainitia
787 1331 972 1403 enuntiaret,
994 1329 1089 1392 meio·

100 1428 167 1474 rem
189 1413 283 1474 multo
304 1411 382 1474 dixit
400 1413 557 1474 hominum
571 1430 658 1488 csse,
681 1414 733 1489 qui
749 1429 784 1474 sc
798 1411 931 1474 indicem
946 1413 1089 1474 manibus

101 1497 169 1559 suis
184 1495 370 1572 discerpturi
382 1504 497 1558 essent
519 1497 621 1572 itaque
632 1497 692 1559 hoc
704 1513 740 1558 se
750 1495 928 1572 Sulpiciam,
943 1496 1002 1557 boc
1015 1512 1088 1557 con·

101 1581 203 1642 sulem
224 1596 327 1654 orare,
345 1587 379 1641 ut
398 1597 434 1642 sc
453 1589 541 1643 extra
553 1581 669 1641 ltaliam
683 1581 787 1656 aliqua
801 1581 1016 1654 amandarent,
1037 1579 1090 1640 ubi

101 1664 257 1740 reliquum
276 1661 358 1724 vitae
378 1665 492 1739 degere
506 1672 571 1725 tuto
585 1673 704 1744 posset.
737 1664 820 1724 bono
836 1663 937 1724 animo
953 1679 1026 1723 esse
1040 1661 1087 1724 iu-

102 1749 178 1808 bere
191 1762 260 1809 eam
275 1748 395 1820 consul,
410 1754 441 1809 et
453 1746 513 1808 sibi
529 1764 621 1808 curae
636 1749 703 1809 lore
717 1747 830 1822 dicere,
845 1754 880 1807 ut
891 1747 1009 1806 Romae
1023 1753 1088 1806 tuto

101 1829 262 1892 habitaret
278 1837 342 1892 tum
349 1830 477 1906 Hispala
484 1831 633 1906 originem
643 1846 802 1892 sacrorum
809 1829 972 1907 expremit
985 1827 1088 1905 prime

102 1915 270 1976 sacrarium
284 1911 317 1974 id
331 1914 510 1976 seminarum
525 1914 638 1988 luisse,
659 1929 718 1975 nec
732 1929 919 1990 quemquam
933 1927 972 1973 eo
987 1913 1087 1972 virum

102 1994 220 2060 admitti
234 1997 366 2059 solitum.
388 2005 451 2060 tres
465 1999 496 2058 in
511 2015 593 2061 anno
607 2004 705 2060 statos
719 1998 788 2059 dies
802 1997 960 2071 babuisse,
977 1995 1089 2072 quibus

102 2080 236 2141 interdiu
248 2080 382 2142 Bacchis
395 2081 600 2152 irriderentur,
623 2081 803 2143 sacerdotes
818 2081 847 2141 in
862 2081 962 2140 vicem
977 2086 1088 2140 matro-

104 2181 161 2225 nas
177 2162 276 2224 creari
289 2162 407 2225 solitas.
428 2163 583 2226 Pacullam
596 2164 728 2224 Anniam
743 2165 928 2239 Campanam
943 2162 1089 2223 sacerdo·

106 2257 165 2309 lem
188 2247 304 2321 omnia,
325 2257 480 2324 tamquam
499 2249 591 2308 deum
605 2247 735 2321 monitu,
756 2244 951 2307 immutassc=
973 2261 1044 2306 nam
1059 2253 1091 2306 et

106 2333 189 2392 viros
204 2346 271 2391 eam
286 2331 413 2406 primam
428 2347 504 2394 suos
519 2331 600 2392 lilios
614 2329 768 2405 initiasse,
788 2330 914 2391 Minium
929 2335 959 2390 et
972 2328 1087 2389 Heren·

105 2416 188 2476 nium
204 2413 375 2484 Cerrinium
396 2423 427 2476 et
446 2422 625 2477 nocturnum
647 2429 769 2476 sacrum
784 2430 825 2475 ex
839 2413 966 2486 diurne,
986 2417 1017 2472 et
1030 2426 1089 2487 pre

107 2498 202 2561 tribus
222 2495 253 2558 in
275 2513 355 2559 anno
376 2497 485 2560 diebus
504 2498 615 2573 quinos
630 2497 759 2572 singulis
774 2497 933 2559 mensibus
948 2495 1016 2556 dies
1030 2493 1087 2555 ini-

109 2583 215 2644 tiorum
237 2579 359 2642 iecisse.
391 2597 514 2657 exque
535 2581 565 2641 in
587 2579 765 2657 promiscuo
787 2597 878 2642 sacra
898 2580 960 2641 sint
973 2587 1004 2654 et
1016 2595 1088 2654 per-

106 2744 261 2822 lacinoris,
276 2747 348 2810 nibil
365 2747 471 2823 flagitii
485 2746 744 2825 praetermissum.
766 2751 855 2824 plura
864 2749 999 2808 virorum
1008 2745 1089 2808 inter

108 2848 178 2893 sese
193 2848 285 2907 quam
302 2832 481 2893 laminarum
495 2848 567 2894 esse
582 2842 698 2909 stupra.
720 2831 812 2908 siqui
823 2832 923 2893 minus
935 2830 1088 2907 patientes

108 2915 269 2976 dedecoris
285 2914 346 2977 sint
359 2924 391 2977 ct
404 2915 555 2991 pigriores
568 2917 609 2977 ad
620 2914 761 2992 lacinus,
765 2933 822 2992 pra
836 2915 966 2976 victimis
980 2914 1086 2976 immo·

107 3001 170 3059 lari.
205 2998 276 3060 nibil
296 3001 383 3060 aclas
398 2999 525 3073 ducere,
546 2999 627 3061 hanc
641 3016 789 3062 summam
803 3000 882 3061 inter
895 3015 950 3062 eos
965 2998 1085 3075 religia·

109 3099 175 3142 nem
190 3098 271 3142 csse.
306 3084 400 3155 viros,
414 3083 498 3143 velut
511 3085 613 3145 merite
627 3091 726 3159 capta,
742 3100 811 3145 cum
826 3084 986 3160 iactatione
1002 3084 1086 3144 lana·

110 3166 166 3228 tica
185 3165 325 3242 corporis
340 3166 514 3235 vaticinari;
535 3176 691 3229 mauoms
704 3166 893 3230 Baccharum
907 3166 1013 3228 habitu
1028 3165 1086 3226 cri·

110 3250 196 3310 nibus
207 3249 327 3326 sparsis
338 3265 407 3310 cum
414 3249 591 3312 ardentibus
603 3251 722 3312 lacibus
729 3251 893 3312 decurrere
900 3252 940 3310 ad
945 3247 1087 3321 Tiberim,

111 3333 324 3418 demissasque
344 3334 506 3409 inaquam
531 3335 631 3409 laces,
656 3333 728 3411 quia
746 3334 852 3396 vivum
872 3332 1002 3410 sulphur
1016 3345 1086 3391 cum

111 3419 191 3480 calce
203 3417 285 3493 insit,
300 3417 418 3494 integra
433 3415 558 3477 llamma
569 3417 689 3479 ellerre.
715 3426 822 3498 raptos
837 3415 930 3478 ediis
945 3413 1086 3474 homines
