2598 3956
200 179 261 244 116
372 179 573 242 areanum.
597 181 680 241 car.
698 189 795 244 ran.
817 181 854 258 [a.
868 185 901 240 u
915 145 1038 262 ane]w

197 335 250 397 titi.
270 334 360 395 Pisae
376 334 427 395 cn.
440 333 589 408 Cornelio,
604 331 732 408 Ligures
743 328 859 394 Petillia
875 334 1072 397 obvenerunt.
1091 353 1179 413 prae-

194 429 278 482 tores
298 419 331 478 L.
345 415 486 493 Papirius
504 417 591 478 Maso
607 417 770 491 urbanam,
790 415 830 477 M.
845 415 980 478 Aburius
998 416 1077 480 inter
1091 437 1178 496 pere·

195 504 298 580 grinos
319 502 416 564 sortiti
437 509 518 562 sunt.
543 499 584 560 Μ.
600 500 758 563 Cornelius
774 499 879 576 Scipio
893 499 1113 578 Maluginensis
1127 505 1178 569 Hi·

195 587 336 662 spaniam
356 585 543 660 ulteriorem,
567 585 600 644 L.
614 582 768 659 Aquillius
786 585 889 645 Gallus
912 582 1047 647 Siciliam
1064 587 1178 650 habuit.

195 672 256 732 duo
272 669 428 745 deprecati
444 676 524 744 sunt,
539 685 578 729 ne
593 669 623 729 in
637 667 814 744 provincias
829 669 915 743 irent,
930 667 971 728 Μ.
986 669 1132 746 Popillius
1148 673 1177 732 in

195 753 382 816 Sardiniam:
405 753 575 815 Gracchum
590 769 657 813 eam
672 750 862 828 provinciam
877 768 1005 828 pacare,
1027 762 1058 815 et
1071 755 1104 814 T.
1118 758 1177 816 Ae·
1234 811 1237 814 .

195 839 309 900 butium
324 843 497 912 praetorem
512 836 683 899 adiutorem
698 837 737 896 ab
752 843 862 898 senatu
876 836 1073 900 datunresse.
1088 839 1177 900 inter·

194 921 293 998 rumpi
315 928 451 983 tenorem
471 936 588 994 rerum,
610 921 641 980 in
663 921 775 996 quibus
790 921 976 997 peragendis
992 921 1176 984 continuatio

195 1006 263 1082 ipsa
278 1005 494 1066 efficacissima
507 1010 600 1080 esset,
616 1003 738 1065 minime
755 1005 929 1065 convenire.
951 1002 1029 1067 inter
1043 1007 1176 1068 traditio-

194 1105 263 1150 nem
287 1088 406 1164 imperii
426 1088 653 1166 novitatemque
673 1087 882 1161 successoria
910 1105 990 1165 quae
1009 1091 1176 1152 noscendis

193 1174 279 1250 prius
302 1188 392 1248 quam
414 1171 542 1248 agendis
556 1172 650 1234 rebus
664 1171 829 1233 imbuenda
845 1172 899 1246 sit,
921 1189 1017 1249 saepe
1031 1172 1110 1236 bene
1125 1189 1176 1249 ge·

192 1259 308 1318 rendae
327 1257 372 1317 rei
388 1256 571 1318 occasiones
588 1252 780 1318 intercidere·
806 1255 936 1333 probata
948 1255 1068 1334 Popillii
1083 1273 1176 1318 excu-

193 1341 271 1402 satio
287 1347 344 1402 est.
371 1339 403 1399 P.
418 1339 553 1402 Licinius
569 1338 700 1401 Crassus
722 1337 884 1402 sacrifieiis
905 1355 941 1401 se
960 1340 1100 1418 impediri
1116 1343 1176 1402 sol-

192 1423 343 1486 lemnibus
358 1423 537 1498 excusabat,
552 1420 633 1485 ne‘in
645 1422 835 1501 provinciam
846 1423 912 1484 iret.
935 1424 1176 1500 citeriorHispa-

192 1508 243 1569 nia
268 1508 451 1569 obvenerat
481 1514 615 1568 ceterum
641 1513 692 1568 aut
711 1508 755 1567 ire
778 1507 899 1580 iussus,
926 1514 978 1568 aut
996 1508 1098 1568 iurare
1118 1526 1175 1584 pro

194 1593 338 1653 contione
358 1591 498 1651 sollemni
513 1591 665 1652 sacrificio
681 1606 717 1651 se
731 1591 895 1666 prohiberi.
924 1590 956 1650 id
969 1591 1023 1652 ubi
1037 1593 1067 1652 in
1081 1590 1113 1653 P.
1127 1592 1176 1652 Li·

193 1676 272 1737 einio
288 1673 331 1735 ita
343 1680 487 1736 statutum
503 1682 558 1747 est,
576 1681 606 1734 et
616 1675 655 1734 ab
671 1690 706 1735 se
719 1675 763 1736 uti
777 1674 987 1736 iusiurandum
1001 1675 1176 1751 acciperent

184 1759 231 1826 Μ.
249 1758 407 1820 Cornelius
426 1758 606 1833 postulavit,
628 1774 667 1818 ne
680 1759 711 1818 Μ
725 1757 903 1834 Hispaniam
921 1759 1095 1820 ulteriorem
1109 1759 1174 1821 iret.

193 1850 351 1918 praetores
375 1842 465 1903 ambo
486 1841 516 1900 Μ
535 1843 642 1903 eadem
663 1843 758 1902 verba
771 1843 917 1902 iurarunt.
948 1840 989 1903 Μ.
1003 1842 1131 1904 Titinius
1146 1851 1174 1906 et

192 1929 224 1986 Τ.
238 1927 384 1988 Fonteius
406 1928 610 2001 proconsules
625 1941 750 1988 manere
766 1941 834 1988 cum
850 1926 959 1988 eodem
973 1926 1091 2001 imperii
1108 1925 1175 1989 iure

192 2011 222 2070 in
236 2009 386 2085 Hispania
406 2007 497 2079 iussi;
528 2016 557 2070 et
577 2016 610 2070 ut
629 2009 660 2069 Μ
681 2011 927 2085 supplementum
948 2008 996 2070 his
1017 2009 1074 2071 tria
1094 2009 1176 2072 milia

192 2094 303 2155 civium
313 2094 520 2155 Romanorum
537 2109 607 2154 curn
617 2093 770 2172 equitibus
783 2094 933 2169 ducentis,
948 2094 1084 2171 quinque
1094 2095 1176 2156 milia

193 2179 310 2242 socium
323 2178 420 2238 Latini
435 2177 567 2240 nominis
582 2184 612 2239 et
625 2178 752 2240 trecenti
764 2179 884 2254 equites
897 2179 1095 2242 mitterentur.

275 2263 354 2322 XVI.
377 2263 503 2322 Latinae
523 2262 617 2322 leriae
637 2263 722 2323 luere
742 2268 813 2323 ante
835 2261 916 2324 diem
936 2263 1056 2324 tertium
1077 2279 1176 2326 nonas

190 2344 297 2419 Maias,
313 2345 343 2406 in
360 2345 471 2420 quibus
485 2345 556 2418 quia
567 2345 597 2404 in
610 2361 670 2403 una
679 2343 781 2405 hostia
791 2345 986 2418 magistratus
997 2346 1175 2408 Lanuvinus

191 2434 333 2503 precatus
348 2443 409 2489 non
425 2435 489 2488 erat
499 2427 615 2502 populo
626 2426 766 2488 Romano
777 2426 942 2502 Quiritium,
958 2428 1097 2503 religioni
1109 2430 1174 2490 luit.

191 2512 220 2571 id
237 2527 305 2574 cum
322 2511 362 2571 ad
377 2518 517 2571 senatum
536 2510 665 2571 relatum
686 2516 770 2571 esset
790 2516 979 2587 senatusque
997 2511 1037 2572 ad
1051 2511 1174 2589 pontili-

192 2611 261 2656 cum
286 2593 448 2668 collegium
472 2591 645 2665 reiecisset,
673 2593 885 2669 pontificibus,
913 2595 984 2672 quia
1008 2612 1070 2657 non
1092 2603 1175 2657 recte

191 2678 289 2739 iactae
302 2677 428 2739 Latinae
450 2685 568 2751 essent,
590 2677 766 2739 instauratis
780 2677 896 2740 Latinis
917 2679 1030 2755 placuit
1043 2679 1176 2743 Lanuvi·

190 2778 265 2838 nos,
282 2777 414 2839 quorum
430 2778 528 2839 opera
540 2762 726 2824 instauratae
740 2771 860 2837 essent,
881 2761 999 2826 hostias
1014 2763 1175 2840 praebere.

191 2853 367 2908 accesserat
386 2845 426 2906 ad
447 2845 626 2922 religionem
649 2847 734 2922 quod
754 2847 806 2908 Cn.
828 2846 988 2909 cornelius
1009 2848 1117 2910 consul
1135 2863 1176 2908 ex

190 2928 1046 3006 nronteAlbanorediensconcidit‚etpartemembrorum
1054 2937 1173 3008 captus,
1250 3001 1253 3006 ,

191 3013 230 3071 ad
245 3014 354 3088 Aquas
367 3012 516 3074 Cumanas
531 3014 689 3088 prolectas
704 3014 937 3091 ingravescente
950 3014 1058 3077 morbo
1072 3016 1175 3078 Cumis

191 3095 334 3156 decessit.
358 3095 415 3157 sed
429 3095 501 3157 inde
514 3104 652 3159 mortuus
666 3099 795 3159 Romam
810 3098 931 3160 adlatus
946 3105 977 3160 et
990 3099 1097 3162 sunere
1112 3115 1175 3162 ma·

190 3177 303 3254 gniiicc
319 3179 416 3242 elatus
432 3181 633 3258 sepultusque
647 3189 704 3243 est.
726 3181 865 3259 pontifex
878 3182 960 3244 idem
971 3183 1078 3247 iuerat.
1101 3200 1174 3246 con·

191 3265 239 3326 sul
255 3263 288 3338 Q.
299 3262 434 3327 Petillius
450 3281 518 3326 cum
534 3264 663 3342 primurn
677 3281 734 3343 per
748 3265 888 3342 auspicia
903 3274 1020 3343 posset,
1037 3267 1174 3342 collegae
1189 3318 1192 3327 ,

191 3346 389 3424 subrogando
405 3349 527 3410 comitia
540 3349 654 3411 habere
667 3349 773 3413 iussus
788 3356 818 3412 et
831 3350 955 3413 Latinas
970 3351 1101 3425 edicere,
1121 3365 1174 3411 co·

45 3422 51 3433 '
108 3475 114 3487 .
191 3429 274 3494 mitia
287 3431 318 3494 in
334 3440 403 3495 ante
418 3433 498 3495 diem
512 3434 630 3496 tertium
646 3450 744 3497 nonas
760 3433 906 3515 Sextiles,
921 3433 1045 3497 Latinas
1059 3433 1089 3496 in
1103 3441 1175 3496 ante
