<?xml version="1.0" encoding="UTF-8"?>
<!DOCTYPE html PUBLIC "-//W3C//DTD XHTML 1.0 Transitional//EN"
    "http://www.w3.org/TR/xhtml1/DTD/xhtml1-transitional.dtd">
<html xmlns="http://www.w3.org/1999/xhtml" xml:lang="en" lang="en">
 <head>
  <title>
</title>
<meta http-equiv="Content-Type" content="text/html;charset=utf-8" />
  <meta name='ocr-system' content='tesseract 3.04.00' />
  <meta name='ocr-capabilities' content='ocr_page ocr_carea ocr_par ocr_line ocrx_word'/>
</head>
<body>
  <div class='ocr_page' id='page_1' title='image "./aburbeconditali09livygoog_0105.png"; bbox 0 0 2598 3956; ppageno 0'>
   <div class='ocr_carea' id='block_1_1' title="bbox 341 213 1125 293">
    <p class='ocr_par' dir='ltr' id='par_1_1' title="bbox 341 213 1125 293">
     <span class='ocr_line' id='line_1_1' title="bbox 341 213 1125 293; baseline 0.01 -19"><span class='ocrx_word' id='word_1_1' title='bbox 341 213 455 276; x_wconf 81' lang='lat' dir='ltr'>LIBER</span> <span class='ocrx_word' id='word_1_2' title='bbox 470 213 530 274; x_wconf 87' lang='lat' dir='ltr'><strong>XL.</strong></span> <span class='ocrx_word' id='word_1_3' title='bbox 554 213 637 274; x_wconf 84' lang='lat' dir='ltr'><strong>CAP.</strong></span> <span class='ocrx_word' id='word_1_4' title='bbox 651 223 696 276; x_wconf 79' lang='lat'><strong>25.</strong></span> <span class='ocrx_word' id='word_1_5' title='bbox 707 223 751 278; x_wconf 80' lang='lat' dir='ltr'><strong>aa.</strong></span> <span class='ocrx_word' id='word_1_6' title='bbox 775 221 811 288; x_wconf 79' lang='lat' dir='ltr'><strong>[a.</strong></span> <span class='ocrx_word' id='word_1_7' title='bbox 824 220 857 274; x_wconf 82' lang='grc'><strong>0.</strong></span> <span class='ocrx_word' id='word_1_8' title='bbox 871 218 934 293; x_wconf 79' lang='lat' dir='ltr'><strong>ist]</strong></span> <span class='ocrx_word' id='word_1_9' title='bbox 1085 216 1125 282; x_wconf 85' lang='lat'><strong>75</strong></span> 
     </span>
    </p>
   </div>
   <div class='ocr_carea' id='block_1_2' title="bbox 132 367 1124 1619">
    <p class='ocr_par' dir='ltr' id='par_1_2' title="bbox 132 367 1124 1619">
     <span class='ocr_line' id='line_1_2' title="bbox 137 367 1124 446; baseline 0.006 -17"><span class='ocrx_word' id='word_1_10' title='bbox 137 383 231 445; x_wconf 88' lang='lat' dir='ltr'><strong>quam</strong></span> <span class='ocrx_word' id='word_1_11' title='bbox 246 373 388 443; x_wconf 88' lang='lat' dir='ltr'><strong>tempore</strong></span> <span class='ocrx_word' id='word_1_12' title='bbox 399 367 522 428; x_wconf 78' lang='lat' dir='ltr'>aiebant</span> <span class='ocrx_word' id='word_1_13' title='bbox 537 382 617 443; x_wconf 88' lang='lat' dir='ltr'><strong>opus</strong></span> <span class='ocrx_word' id='word_1_14' title='bbox 632 383 714 442; x_wconf 89' lang='lat' dir='ltr'><strong>esse,</strong></span> <span class='ocrx_word' id='word_1_15' title='bbox 731 375 765 430; x_wconf 92' lang='lat' dir='ltr'><strong>ut</strong></span> <span class='ocrx_word' id='word_1_16' title='bbox 778 370 883 444; x_wconf 79' lang='lat' dir='ltr'><strong>generi</strong></span> <span class='ocrx_word' id='word_1_17' title='bbox 896 370 1012 446; x_wconf 66' lang='lat' dir='ltr'><strong>agresti,</strong></span> <span class='ocrx_word' id='word_1_18' title='bbox 1025 372 1124 435; x_wconf 87' lang='lat' dir='ltr'><strong>homi-</strong></span> 
     </span>
     <span class='ocr_line' id='line_1_3' title="bbox 136 450 1124 528; baseline 0.006 -16"><span class='ocrx_word' id='word_1_19' title='bbox 136 467 211 513; x_wconf 91' lang='lat' dir='ltr'><strong>num</strong></span> <span class='ocrx_word' id='word_1_20' title='bbox 226 451 475 528; x_wconf 68' lang='lat' dir='ltr'><strong>persuaderetur.</strong></span> <span class='ocrx_word' id='word_1_21' title='bbox 497 450 536 514; x_wconf 90' lang='lat' dir='ltr'><strong>ad</strong></span> <span class='ocrx_word' id='word_1_22' title='bbox 551 451 611 512; x_wconf 89' lang='lat' dir='ltr'><strong>hoo</strong></span> <span class='ocrx_word' id='word_1_23' title='bbox 625 452 744 525; x_wconf 86' lang='lat' dir='ltr'><strong>[deeenr</strong></span> <span class='ocrx_word' id='word_1_24' title='bbox 760 452 889 528; x_wconf 86' lang='lat' dir='ltr'><strong>dierum]</strong></span> <span class='ocrx_word' id='word_1_25' title='bbox 904 453 1038 516; x_wconf 86' lang='lat' dir='ltr'><strong>indutiae</strong></span> <span class='ocrx_word' id='word_1_26' title='bbox 1053 472 1124 520; x_wconf 87' lang='lat' dir='ltr'><strong>oum</strong></span> 
     </span>
     <span class='ocr_line' id='line_1_4' title="bbox 135 534 1123 616; baseline 0.007 -20"><span class='ocrx_word' id='word_1_27' title='bbox 135 537 298 608; x_wconf 82' lang='lat' dir='ltr'><strong>darentur,</strong></span> <span class='ocrx_word' id='word_1_28' title='bbox 325 534 475 610; x_wconf 85' lang='lat' dir='ltr'><strong>petierunt</strong></span> <span class='ocrx_word' id='word_1_29' title='bbox 499 534 628 608; x_wconf 86' lang='lat' dir='ltr'><strong>deinde,</strong></span> <span class='ocrx_word' id='word_1_30' title='bbox 654 550 693 594; x_wconf 90' lang='lat' dir='ltr'><strong>ne</strong></span> <span class='ocrx_word' id='word_1_31' title='bbox 713 542 797 600; x_wconf 78' lang='lat' dir='ltr'><strong>uaros</strong></span> <span class='ocrx_word' id='word_1_32' title='bbox 817 541 938 603; x_wconf 86' lang='lat' dir='ltr'><strong>montes</strong></span> <span class='ocrx_word' id='word_1_33' title='bbox 964 541 1123 616; x_wconf 82' lang='lat' dir='ltr'><strong>proximos</strong></span> 
     </span>
     <span class='ocr_line' id='line_1_5' title="bbox 135 618 1123 695; baseline 0.005 -14"><span class='ocrx_word' id='word_1_34' title='bbox 135 619 249 681; x_wconf 86' lang='lat' dir='ltr'><strong>eastris</strong></span> <span class='ocrx_word' id='word_1_35' title='bbox 262 618 439 694; x_wconf 82' lang='lat' dir='ltr'><strong>pabulatum</strong></span> <span class='ocrx_word' id='word_1_36' title='bbox 454 618 663 695; x_wconf 79' lang='lat' dir='ltr'><strong>lignatumque</strong></span> <span class='ocrx_word' id='word_1_37' title='bbox 675 619 786 682; x_wconf 78' lang='lat' dir='ltr'><strong>milites</strong></span> <span class='ocrx_word' id='word_1_38' title='bbox 798 620 890 682; x_wconf 69' lang='lat' dir='ltr'><strong>irenis</strong></span> <span class='ocrx_word' id='word_1_39' title='bbox 912 625 994 685; x_wconf 85' lang='lat' dir='ltr'><strong>onita</strong></span> <span class='ocrx_word' id='word_1_40' title='bbox 1005 639 1042 685; x_wconf 91' lang='lat' dir='ltr'><strong>ea</strong></span> <span class='ocrx_word' id='word_1_41' title='bbox 1055 625 1123 686; x_wconf 87' lang='lat' dir='ltr'><strong>toea</strong></span> 
     </span>
     <span class='ocr_line' id='line_1_6' title="bbox 134 699 1123 784; baseline 0.005 -19"><span class='ocrx_word' id='word_1_42' title='bbox 134 719 265 766; x_wconf 81' lang='lat' dir='ltr'><strong>suorum</strong></span> <span class='ocrx_word' id='word_1_43' title='bbox 285 699 391 763; x_wconf 83' lang='lat' dir='ltr'><strong>tiniam</strong></span> <span class='ocrx_word' id='word_1_44' title='bbox 410 717 491 766; x_wconf 86' lang='lat' dir='ltr'><strong>esse.</strong></span> <span class='ocrx_word' id='word_1_45' title='bbox 520 702 552 765; x_wconf 91' lang='lat' dir='ltr'><strong>id</strong></span> <span class='ocrx_word' id='word_1_46' title='bbox 566 702 618 764; x_wconf 90' lang='lat' dir='ltr'><strong>ubi</strong></span> <span class='ocrx_word' id='word_1_47' title='bbox 632 701 852 779; x_wconf 83' lang='lat' dir='ltr'><strong>impetrauere,</strong></span> <span class='ocrx_word' id='word_1_48' title='bbox 875 713 947 781; x_wconf 86' lang='lat' dir='ltr'><strong>post</strong></span> <span class='ocrx_word' id='word_1_49' title='bbox 964 722 1020 768; x_wconf 88' lang='lat' dir='ltr'><strong>eos</strong></span> <span class='ocrx_word' id='word_1_50' title='bbox 1035 708 1123 784; x_wconf 89' lang='lat' dir='ltr'><strong>ipsos</strong></span> 
     </span>
     <span class='ocr_line' id='line_1_7' title="bbox 133 785 1122 868; baseline 0.004 -20"><span class='ocrx_word' id='word_1_51' title='bbox 133 792 273 862; x_wconf 86' lang='lat' dir='ltr'><strong>montes,</strong></span> <span class='ocrx_word' id='word_1_52' title='bbox 293 787 377 848; x_wconf 90' lang='lat' dir='ltr'><strong>unde</strong></span> <span class='ocrx_word' id='word_1_53' title='bbox 397 793 568 850; x_wconf 73' lang='lat' dir='ltr'><strong>evenerunt</strong></span> <span class='ocrx_word' id='word_1_54' title='bbox 586 785 724 862; x_wconf 82' lang='lat' dir='ltr'><strong>hostem,</strong></span> <span class='ocrx_word' id='word_1_55' title='bbox 743 786 881 850; x_wconf 76' lang='lat' dir='ltr'><strong>sumaim</strong></span> <span class='ocrx_word' id='word_1_56' title='bbox 900 791 982 851; x_wconf 89' lang='lat' dir='ltr'><strong>omni</strong></span> <span class='ocrx_word' id='word_1_57' title='bbox 1003 799 1122 868; x_wconf 83' lang='lat' dir='ltr'><strong>coneto,</strong></span> 
     </span>
     <span class='ocr_line' id='line_1_8' title="bbox 133 869 1122 950; baseline 0.006 -20"><span class='ocrx_word' id='word_1_58' title='bbox 133 878 262 948; x_wconf 88' lang='lat' dir='ltr'><strong>repente</strong></span> <span class='ocrx_word' id='word_1_59' title='bbox 276 869 468 932; x_wconf 87' lang='lat' dir='ltr'><strong>multitudine</strong></span> <span class='ocrx_word' id='word_1_60' title='bbox 482 869 596 947; x_wconf 76' lang='lat' dir='ltr'><strong>ingenti</strong></span> <span class='ocrx_word' id='word_1_61' title='bbox 608 873 927 935; x_wconf 86' lang='lat' dir='ltr'><strong>castraRomanorum</strong></span> <span class='ocrx_word' id='word_1_62' title='bbox 940 889 1122 950; x_wconf 75' lang='lat' dir='ltr'><strong>oppugnare</strong></span> 
     </span>
     <span class='ocr_line' id='line_1_9' title="bbox 134 955 1121 1032; baseline 0.002 -16"><span class='ocrx_word' id='word_1_63' title='bbox 134 957 227 1018; x_wconf 88' lang='lat' dir='ltr'><strong>simui</strong></span> <span class='ocrx_word' id='word_1_64' title='bbox 241 955 384 1017; x_wconf 88' lang='lat' dir='ltr'><strong>omnibus</strong></span> <span class='ocrx_word' id='word_1_65' title='bbox 399 955 496 1032; x_wconf 88' lang='lat' dir='ltr'><strong>portis</strong></span> <span class='ocrx_word' id='word_1_66' title='bbox 507 956 649 1032; x_wconf 75' lang='lat' dir='ltr'><strong>adgressi</strong></span> <span class='ocrx_word' id='word_1_67' title='bbox 660 965 740 1018; x_wconf 89' lang='lat' dir='ltr'><strong>sunt.</strong></span> <span class='ocrx_word' id='word_1_68' title='bbox 760 971 882 1020; x_wconf 86' lang='lat' dir='ltr'><strong>summa</strong></span> <span class='ocrx_word' id='word_1_69' title='bbox 893 958 923 1018; x_wconf 88' lang='lat' dir='ltr'><strong>ri</strong></span> <span class='ocrx_word' id='word_1_70' title='bbox 935 964 1030 1019; x_wconf 87' lang='lat' dir='ltr'><strong>totum</strong></span> <span class='ocrx_word' id='word_1_71' title='bbox 1039 957 1121 1019; x_wconf 91' lang='lat' dir='ltr'><strong>diem</strong></span> 
     </span>
     <span class='ocr_line' id='line_1_10' title="bbox 134 1037 1121 1117; baseline -0.002 -13"><span class='ocrx_word' id='word_1_72' title='bbox 134 1045 368 1117; x_wconf 71' lang='lat' dir='ltr'>oppugnarunt,</span> <span class='ocrx_word' id='word_1_73' title='bbox 390 1039 431 1101; x_wconf 89' lang='lat' dir='ltr'><strong>ita</strong></span> <span class='ocrx_word' id='word_1_74' title='bbox 449 1047 483 1104; x_wconf 84' lang='lat' dir='ltr'><strong>ut</strong></span> <span class='ocrx_word' id='word_1_75' title='bbox 501 1055 542 1101; x_wconf 89' lang='lat' dir='ltr'><strong>ne</strong></span> <span class='ocrx_word' id='word_1_76' title='bbox 561 1037 711 1101; x_wconf 81' lang='lat' dir='ltr'><strong>efferendi</strong></span> <span class='ocrx_word' id='word_1_77' title='bbox 733 1038 857 1116; x_wconf 84' lang='lat' dir='ltr'><strong>quidem</strong></span> <span class='ocrx_word' id='word_1_78' title='bbox 871 1039 960 1116; x_wconf 76' lang='lat' dir='ltr'><strong>signa</strong></span> <span class='ocrx_word' id='word_1_79' title='bbox 974 1042 1121 1103; x_wconf 84' lang='lat' dir='ltr'><strong>Romanis</strong></span> 
     </span>
     <span class='ocr_line' id='line_1_11' title="bbox 134 1122 1122 1202; baseline 0 -16"><span class='ocrx_word' id='word_1_80' title='bbox 134 1123 269 1202; x_wconf 85' lang='lat' dir='ltr'><strong>spatium</strong></span> <span class='ocrx_word' id='word_1_81' title='bbox 289 1137 348 1185; x_wconf 83' lang='lat' dir='ltr'><strong>nee</strong></span> <span class='ocrx_word' id='word_1_82' title='bbox 366 1125 408 1185; x_wconf 82' lang='lat' dir='ltr'><strong>aei</strong></span> <span class='ocrx_word' id='word_1_83' title='bbox 429 1124 644 1201; x_wconf 72' lang='lat' dir='ltr'><strong>euplieandum</strong></span> <span class='ocrx_word' id='word_1_84' title='bbox 658 1125 755 1192; x_wconf 84' lang='lat' dir='ltr'><strong>noiem</strong></span> <span class='ocrx_word' id='word_1_85' title='bbox 767 1125 856 1194; x_wconf 85' lang='lat' dir='ltr'><strong>ioous</strong></span> <span class='ocrx_word' id='word_1_86' title='bbox 871 1133 966 1188; x_wconf 87' lang='lat' dir='ltr'><strong>esset.</strong></span> <span class='ocrx_word' id='word_1_87' title='bbox 994 1122 1122 1191; x_wconf 85' lang='lat' dir='ltr'><strong>eonterti</strong></span> 
     </span>
     <span class='ocr_line' id='line_1_12' title="bbox 133 1208 1121 1285; baseline 0.001 -15"><span class='ocrx_word' id='word_1_88' title='bbox 133 1211 166 1270; x_wconf 92' lang='lat' dir='ltr'><strong>in</strong></span> <span class='ocrx_word' id='word_1_89' title='bbox 183 1209 279 1285; x_wconf 91' lang='lat' dir='ltr'><strong>portis</strong></span> <span class='ocrx_word' id='word_1_90' title='bbox 294 1208 447 1270; x_wconf 83' lang='lat' dir='ltr'><strong>obstando</strong></span> <span class='ocrx_word' id='word_1_91' title='bbox 462 1209 561 1284; x_wconf 80' lang='lat' dir='ltr'><strong>magis</strong></span> <span class='ocrx_word' id='word_1_92' title='bbox 576 1223 668 1284; x_wconf 85' lang='lat' dir='ltr'><strong>quam</strong></span> <span class='ocrx_word' id='word_1_93' title='bbox 683 1209 850 1285; x_wconf 81' lang='lat' dir='ltr'><strong>pugnando</strong></span> <span class='ocrx_word' id='word_1_94' title='bbox 866 1218 968 1272; x_wconf 81' lang='lat' dir='ltr'><strong>ousua</strong></span> <span class='ocrx_word' id='word_1_95' title='bbox 979 1210 1121 1280; x_wconf 74' lang='lat' dir='ltr'><strong>tumbae·</strong></span> 
     </span>
     <span class='ocr_line' id='line_1_13' title="bbox 133 1292 1121 1369; baseline -0.001 -14"><span class='ocrx_word' id='word_1_96' title='bbox 133 1304 193 1356; x_wconf 86' lang='lat' dir='ltr'><strong>tur.</strong></span> <span class='ocrx_word' id='word_1_97' title='bbox 210 1294 267 1354; x_wconf 89' lang='lat' dir='ltr'><strong>sub</strong></span> <span class='ocrx_word' id='word_1_98' title='bbox 280 1307 425 1354; x_wconf 87' lang='lat' dir='ltr'><strong>oeoasum</strong></span> <span class='ocrx_word' id='word_1_99' title='bbox 436 1293 513 1356; x_wconf 85' lang='lat' dir='ltr'><strong>soiis</strong></span> <span class='ocrx_word' id='word_1_100' title='bbox 525 1307 595 1354; x_wconf 90' lang='lat' dir='ltr'><strong>oum</strong></span> <span class='ocrx_word' id='word_1_101' title='bbox 605 1293 811 1360; x_wconf 81' lang='lat' dir='ltr'><strong>reaessissent</strong></span> <span class='ocrx_word' id='word_1_102' title='bbox 822 1292 938 1362; x_wconf 86' lang='lat' dir='ltr'><strong>bootes,</strong></span> <span class='ocrx_word' id='word_1_103' title='bbox 947 1293 1121 1369; x_wconf 89' lang='lat' dir='ltr'><strong>duosequi-</strong></span> 
     </span>
     <span class='ocr_line' id='line_1_14' title="bbox 133 1375 1120 1452; baseline -0.002 -12"><span class='ocrx_word' id='word_1_104' title='bbox 133 1385 182 1440; x_wconf 90' lang='lat' dir='ltr'><strong>tes</strong></span> <span class='ocrx_word' id='word_1_105' title='bbox 198 1377 238 1438; x_wconf 89' lang='lat' dir='ltr'><strong>ad</strong></span> <span class='ocrx_word' id='word_1_106' title='bbox 252 1376 306 1437; x_wconf 82' lang='lat' dir='ltr'><strong>Gn.</strong></span> <span class='ocrx_word' id='word_1_107' title='bbox 328 1375 475 1438; x_wconf 75' lang='lat' dir='ltr'><strong>Baebium</strong></span> <span class='ocrx_word' id='word_1_108' title='bbox 491 1377 707 1452; x_wconf 79' lang='lat' dir='ltr'>proconsulem</span> <span class='ocrx_word' id='word_1_109' title='bbox 722 1391 791 1436; x_wconf 89' lang='lat' dir='ltr'><strong>eum</strong></span> <span class='ocrx_word' id='word_1_110' title='bbox 805 1375 911 1444; x_wconf 82' lang='lat' dir='ltr'><strong>litteris</strong></span> <span class='ocrx_word' id='word_1_111' title='bbox 923 1377 1010 1438; x_wconf 81' lang='lat' dir='ltr'><strong>Pisas</strong></span> <span class='ocrx_word' id='word_1_112' title='bbox 1026 1377 1120 1452; x_wconf 85' lang='lat' dir='ltr'><strong>mittit,</strong></span> 
     </span>
     <span class='ocr_line' id='line_1_15' title="bbox 132 1457 1119 1537; baseline -0.002 -13"><span class='ocrx_word' id='word_1_113' title='bbox 132 1471 170 1524; x_wconf 88' lang='lat' dir='ltr'><strong>ut</strong></span> <span class='ocrx_word' id='word_1_114' title='bbox 183 1462 317 1524; x_wconf 87' lang='lat' dir='ltr'><strong>obsesso</strong></span> <span class='ocrx_word' id='word_1_115' title='bbox 339 1475 395 1537; x_wconf 90' lang='lat' dir='ltr'><strong>per</strong></span> <span class='ocrx_word' id='word_1_116' title='bbox 411 1461 547 1523; x_wconf 84' lang='lat' dir='ltr'><strong>indutiae</strong></span> <span class='ocrx_word' id='word_1_117' title='bbox 567 1459 626 1521; x_wconf 85' lang='lat' dir='ltr'><strong>sibi</strong></span> <span class='ocrx_word' id='word_1_118' title='bbox 649 1475 741 1535; x_wconf 83' lang='lat' dir='ltr'><strong>quam</strong></span> <span class='ocrx_word' id='word_1_119' title='bbox 760 1457 890 1536; x_wconf 86' lang='lat' dir='ltr'><strong>primum</strong></span> <span class='ocrx_word' id='word_1_120' title='bbox 912 1460 1053 1522; x_wconf 86' lang='lat' dir='ltr'><strong>subsidio</strong></span> <span class='ocrx_word' id='word_1_121' title='bbox 1068 1477 1119 1522; x_wconf 85' lang='lat' dir='ltr'><strong>ve·</strong></span> 
     </span>
     <span class='ocr_line' id='line_1_16' title="bbox 134 1543 1119 1619; baseline -0.003 -11"><span class='ocrx_word' id='word_1_122' title='bbox 134 1546 223 1608; x_wconf 89' lang='lat' dir='ltr'><strong>niret.</strong></span> <span class='ocrx_word' id='word_1_123' title='bbox 244 1545 379 1607; x_wconf 79' lang='lat' dir='ltr'><strong>Baebius</strong></span> <span class='ocrx_word' id='word_1_124' title='bbox 393 1545 561 1608; x_wconf 80' lang='lat' dir='ltr'><strong>exereitum</strong></span> <span class='ocrx_word' id='word_1_125' title='bbox 572 1544 612 1605; x_wconf 87' lang='grc' dir='ltr'><strong>Μ.</strong></span> <span class='ocrx_word' id='word_1_126' title='bbox 624 1543 745 1604; x_wconf 82' lang='lat' dir='ltr'><strong>Pinario</strong></span> <span class='ocrx_word' id='word_1_127' title='bbox 754 1544 894 1619; x_wconf 84' lang='lat' dir='ltr'><strong>praetori</strong></span> <span class='ocrx_word' id='word_1_128' title='bbox 908 1545 994 1610; x_wconf 88' lang='lat' dir='ltr'><strong>eunti</strong></span> <span class='ocrx_word' id='word_1_129' title='bbox 1004 1544 1034 1604; x_wconf 93' lang='lat' dir='ltr'><strong>in</strong></span> <span class='ocrx_word' id='word_1_130' title='bbox 1047 1543 1119 1605; x_wconf 87' lang='lat' dir='ltr'><strong>Sar·</strong></span> 
     </span>
    </p>
   </div>
   <div class='ocr_carea' id='block_1_3' title="bbox 20 1625 1118 1692">
    <p class='ocr_par' dir='ltr' id='par_1_3' title="bbox 20 1625 1118 1692">
     <span class='ocr_line' id='line_1_17' title="bbox 20 1625 1118 1692; baseline -0.005 1"><span class='ocrx_word' id='word_1_131' title='bbox 20 1625 21 1632; x_wconf 73' lang='grc'>’</span> <span class='ocrx_word' id='word_1_132' title='bbox 134 1630 250 1692; x_wconf 90' lang='lat' dir='ltr'><strong>diniam</strong></span> <span class='ocrx_word' id='word_1_133' title='bbox 269 1629 449 1691; x_wconf 72' lang='lat' dir='ltr'><strong>tradideram</strong></span> <span class='ocrx_word' id='word_1_134' title='bbox 478 1636 612 1691; x_wconf 84' lang='lat' dir='ltr'><strong>aeterum</strong></span> <span class='ocrx_word' id='word_1_135' title='bbox 633 1635 664 1690; x_wconf 92' lang='lat' dir='ltr'><strong>et</strong></span> <span class='ocrx_word' id='word_1_136' title='bbox 684 1635 823 1689; x_wconf 85' lang='lat' dir='ltr'><strong>sonatum</strong></span> <span class='ocrx_word' id='word_1_137' title='bbox 838 1626 945 1690; x_wconf 85' lang='lat' dir='ltr'><strong>titteris</strong></span> <span class='ocrx_word' id='word_1_138' title='bbox 960 1629 1118 1690; x_wconf 76' lang='lat' dir='ltr'><strong>certiorem</strong></span> 
     </span>
    </p>
   </div>
   <div class='ocr_carea' id='block_1_4' title="bbox 134 1712 1165 2720">
    <p class='ocr_par' dir='ltr' id='par_1_4' title="bbox 134 1712 1165 2720">
     <span class='ocr_line' id='line_1_18' title="bbox 135 1712 1119 1789; baseline -0.005 -12"><span class='ocrx_word' id='word_1_139' title='bbox 135 1717 209 1777; x_wconf 81' lang='lat' dir='ltr'><strong>iacit</strong></span> <span class='ocrx_word' id='word_1_140' title='bbox 223 1712 360 1776; x_wconf 85' lang='lat' dir='ltr'><strong>obsideri</strong></span> <span class='ocrx_word' id='word_1_141' title='bbox 375 1713 563 1789; x_wconf 75' lang='lat' dir='ltr'><strong>aLigutibus</strong></span> <span class='ocrx_word' id='word_1_142' title='bbox 578 1714 610 1774; x_wconf 88' lang='lat' dir='ltr'><strong>L.</strong></span> <span class='ocrx_word' id='word_1_143' title='bbox 624 1712 795 1788; x_wconf 83' lang='lat' dir='ltr'><strong>Aemilium,</strong></span> <span class='ocrx_word' id='word_1_144' title='bbox 811 1718 841 1774; x_wconf 89' lang='lat' dir='ltr'><strong>et</strong></span> <span class='ocrx_word' id='word_1_145' title='bbox 851 1713 891 1774; x_wconf 89' lang='grc' dir='ltr'><strong>Μ.</strong></span> <span class='ocrx_word' id='word_1_146' title='bbox 905 1713 1030 1774; x_wconf 81' lang='lat' dir='ltr'><strong>claudio</strong></span> <span class='ocrx_word' id='word_1_147' title='bbox 1039 1712 1119 1772; x_wconf 76' lang='lat' dir='ltr'><strong>Mar·</strong></span> 
     </span>
     <span class='ocr_line' id='line_1_19' title="bbox 135 1794 1120 1876; baseline -0.004 -15"><span class='ocrx_word' id='word_1_148' title='bbox 135 1802 230 1876; x_wconf 84' lang='lat' dir='ltr'><strong>aetio,</strong></span> <span class='ocrx_word' id='word_1_149' title='bbox 252 1798 339 1860; x_wconf 90' lang='lat' dir='ltr'><strong>ouius</strong></span> <span class='ocrx_word' id='word_1_150' title='bbox 361 1797 501 1874; x_wconf 79' lang='lat' dir='ltr'><strong>proxima</strong></span> <span class='ocrx_word' id='word_1_151' title='bbox 522 1798 593 1859; x_wconf 90' lang='lat' dir='ltr'><strong>inde</strong></span> <span class='ocrx_word' id='word_1_152' title='bbox 608 1798 768 1873; x_wconf 79' lang='lat' dir='ltr'><strong>prorineia</strong></span> <span class='ocrx_word' id='word_1_153' title='bbox 781 1804 861 1871; x_wconf 89' lang='lat' dir='ltr'><strong>orat,</strong></span> <span class='ocrx_word' id='word_1_154' title='bbox 884 1795 1009 1871; x_wconf 75' lang='lat' dir='ltr'><strong>scripsit</strong></span> <span class='ocrx_word' id='word_1_155' title='bbox 1023 1804 1070 1871; x_wconf 87' lang='lat' dir='ltr'><strong>ut,</strong></span> <span class='ocrx_word' id='word_1_156' title='bbox 1093 1794 1120 1857; x_wconf 82' lang='lat' dir='ltr'><strong>si</strong></span> 
     </span>
     <span class='ocr_line' id='line_1_20' title="bbox 135 1878 1120 1956; baseline -0.005 -12"><span class='ocrx_word' id='word_1_157' title='bbox 135 1883 291 1945; x_wconf 88' lang='lat' dir='ltr'><strong>videretur</strong></span> <span class='ocrx_word' id='word_1_158' title='bbox 312 1882 355 1956; x_wconf 86' lang='lat' dir='ltr'><strong>ei,</strong></span> <span class='ocrx_word' id='word_1_159' title='bbox 376 1881 543 1944; x_wconf 86' lang='lat' dir='ltr'><strong>exereitum</strong></span> <span class='ocrx_word' id='word_1_160' title='bbox 559 1881 690 1943; x_wconf 76' lang='lat' dir='ltr'><strong>otiaiiia</strong></span> <span class='ocrx_word' id='word_1_161' title='bbox 706 1881 885 1947; x_wconf 81' lang='lat' dir='ltr'><strong>-traduoeret</strong></span> <span class='ocrx_word' id='word_1_162' title='bbox 898 1880 930 1941; x_wconf 89' lang='lat' dir='ltr'><strong>in</strong></span> <span class='ocrx_word' id='word_1_163' title='bbox 944 1878 1073 1956; x_wconf 76' lang='lat' dir='ltr'><strong>Ligures</strong></span> <span class='ocrx_word' id='word_1_164' title='bbox 1090 1887 1120 1940; x_wconf 89' lang='lat' dir='ltr'><strong>et</strong></span> 
     </span>
     <span class='ocr_line' id='line_1_21' title="bbox 134 1963 1118 2034; baseline -0.004 -6"><span class='ocrx_word' id='word_1_165' title='bbox 134 1970 168 2028; x_wconf 84' lang='lat' dir='ltr'><strong>L.</strong></span> <span class='ocrx_word' id='word_1_166' title='bbox 185 1968 347 2030; x_wconf 85' lang='lat' dir='ltr'><strong>Aemilium</strong></span> <span class='ocrx_word' id='word_1_167' title='bbox 361 1966 503 2028; x_wconf 84' lang='lat' dir='ltr'><strong>iiberaret</strong></span> <span class='ocrx_word' id='word_1_168' title='bbox 517 1967 690 2030; x_wconf 80' lang='lat' dir='ltr'><strong>obsidione.</strong></span> <span class='ocrx_word' id='word_1_169' title='bbox 717 1968 797 2028; x_wconf 83' lang='lat' dir='ltr'><strong>innon</strong></span> <span class='ocrx_word' id='word_1_170' title='bbox 811 1981 882 2030; x_wconf 85' lang='lat' dir='ltr'><strong>sera</strong></span> <span class='ocrx_word' id='word_1_171' title='bbox 896 1967 996 2034; x_wconf 78' lang='lat' dir='ltr'><strong>futura</strong></span> <span class='ocrx_word' id='word_1_172' title='bbox 1007 1963 1118 2026; x_wconf 81' lang='lat' dir='ltr'><strong>auritio</strong></span> 
     </span>
     <span class='ocr_line' id='line_1_22' title="bbox 135 2050 1118 2129; baseline -0.001 -15"><span class='ocrx_word' id='word_1_173' title='bbox 135 2061 231 2115; x_wconf 88' lang='lat' dir='ltr'><strong>erant.</strong></span> <span class='ocrx_word' id='word_1_174' title='bbox 261 2052 388 2129; x_wconf 78' lang='lat' dir='ltr'><strong>Ligures</strong></span> <span class='ocrx_word' id='word_1_175' title='bbox 410 2053 450 2112; x_wconf 88' lang='lat' dir='ltr'><strong>nd</strong></span> <span class='ocrx_word' id='word_1_176' title='bbox 472 2059 574 2114; x_wconf 80' lang='lat' dir='ltr'><strong>oasim</strong></span> <span class='ocrx_word' id='word_1_177' title='bbox 588 2059 714 2128; x_wconf 86' lang='lat' dir='ltr'><strong>postero</strong></span> <span class='ocrx_word' id='word_1_178' title='bbox 729 2051 781 2112; x_wconf 86' lang='lat' dir='ltr'><strong>die</strong></span> <span class='ocrx_word' id='word_1_179' title='bbox 795 2052 933 2112; x_wconf 86' lang='lat' dir='ltr'><strong>redeunt.</strong></span> <span class='ocrx_word' id='word_1_180' title='bbox 969 2050 1118 2115; x_wconf 78' lang='lat' dir='ltr'><strong>Aemilius</strong></span> 
     </span>
     <span class='ocr_line' id='line_1_23' title="bbox 135 2131 1121 2210; baseline -0.006 -10"><span class='ocrx_word' id='word_1_181' title='bbox 135 2155 206 2200; x_wconf 87' lang='lat' dir='ltr'><strong>oum</strong></span> <span class='ocrx_word' id='word_1_182' title='bbox 216 2146 247 2199; x_wconf 87' lang='lat' dir='ltr'><strong>et</strong></span> <span class='ocrx_word' id='word_1_183' title='bbox 257 2144 404 2199; x_wconf 89' lang='lat' dir='ltr'><strong>venturos</strong></span> <span class='ocrx_word' id='word_1_184' title='bbox 417 2137 529 2198; x_wconf 79' lang='lat' dir='ltr'><strong>scisset</strong></span> <span class='ocrx_word' id='word_1_185' title='bbox 538 2143 570 2198; x_wconf 89' lang='lat' dir='ltr'><strong>et</strong></span> <span class='ocrx_word' id='word_1_186' title='bbox 581 2136 715 2197; x_wconf 84' lang='lat' dir='ltr'><strong>eduoere</strong></span> <span class='ocrx_word' id='word_1_187' title='bbox 724 2135 755 2196; x_wconf 89' lang='lat' dir='ltr'><strong>in</strong></span> <span class='ocrx_word' id='word_1_188' title='bbox 766 2134 863 2198; x_wconf 80' lang='lat' dir='ltr'><strong>aeiem</strong></span> <span class='ocrx_word' id='word_1_189' title='bbox 875 2131 1034 2210; x_wconf 82' lang='lat' dir='ltr'><strong>potuisset,</strong></span> <span class='ocrx_word' id='word_1_190' title='bbox 1042 2135 1121 2195; x_wconf 87' lang='lat' dir='ltr'><strong>intra</strong></span> 
     </span>
     <span class='ocr_line' id='line_1_24' title="bbox 138 2217 1119 2300; baseline -0.006 -17"><span class='ocrx_word' id='word_1_191' title='bbox 138 2225 248 2285; x_wconf 85' lang='lat' dir='ltr'><strong>vallum</strong></span> <span class='ocrx_word' id='word_1_192' title='bbox 269 2237 344 2284; x_wconf 91' lang='lat' dir='ltr'><strong>suos</strong></span> <span class='ocrx_word' id='word_1_193' title='bbox 361 2221 472 2297; x_wconf 86' lang='lat' dir='ltr'><strong>tenuit,</strong></span> <span class='ocrx_word' id='word_1_194' title='bbox 492 2228 526 2282; x_wconf 90' lang='lat' dir='ltr'><strong>ut</strong></span> <span class='ocrx_word' id='word_1_195' title='bbox 541 2220 715 2300; x_wconf 83' lang='lat' dir='ltr'><strong>extraheret</strong></span> <span class='ocrx_word' id='word_1_196' title='bbox 727 2235 792 2282; x_wconf 90' lang='lat' dir='ltr'><strong>rem</strong></span> <span class='ocrx_word' id='word_1_197' title='bbox 807 2217 836 2278; x_wconf 91' lang='lat' dir='ltr'><strong>in</strong></span> <span class='ocrx_word' id='word_1_198' title='bbox 851 2218 884 2278; x_wconf 88' lang='lat' dir='ltr'><strong>id</strong></span> <span class='ocrx_word' id='word_1_199' title='bbox 897 2226 1034 2295; x_wconf 88' lang='lat' dir='ltr'><strong>tempus,</strong></span> <span class='ocrx_word' id='word_1_200' title='bbox 1057 2233 1119 2293; x_wconf 84' lang='lat' dir='ltr'><strong>quo</strong></span> 
     </span>
     <span class='ocr_line' id='line_1_25' title="bbox 134 2301 1118 2379; baseline -0.008 -9"><span class='ocrx_word' id='word_1_201' title='bbox 134 2305 268 2370; x_wconf 83' lang='lat' dir='ltr'><strong>Baebius</strong></span> <span class='ocrx_word' id='word_1_202' title='bbox 290 2323 359 2368; x_wconf 88' lang='lat' dir='ltr'><strong>eum</strong></span> <span class='ocrx_word' id='word_1_203' title='bbox 380 2306 516 2368; x_wconf 82' lang='lat' dir='ltr'><strong>exercitu</strong></span> <span class='ocrx_word' id='word_1_204' title='bbox 531 2305 637 2366; x_wconf 84' lang='lat' dir='ltr'><strong>venire</strong></span> <span class='ocrx_word' id='word_1_205' title='bbox 650 2321 669 2366; x_wconf 89' lang='lat' dir='ltr'><strong>a</strong></span> <span class='ocrx_word' id='word_1_206' title='bbox 682 2303 762 2364; x_wconf 76' lang='lat' dir='ltr'><strong>Pisis</strong></span> <span class='ocrx_word' id='word_1_207' title='bbox 783 2309 900 2379; x_wconf 87' lang='lat' dir='ltr'><strong>posset.</strong></span> <span class='ocrx_word' id='word_1_208' title='bbox 929 2302 1035 2363; x_wconf 79' lang='lat' dir='ltr'>XXVI.</span> <span class='ocrx_word' id='word_1_209' title='bbox 1058 2301 1118 2362; x_wconf 89' lang='lat' dir='ltr'><strong>Ro-</strong></span> 
     </span>
     <span class='ocr_line' id='line_1_26' title="bbox 134 2387 1119 2468; baseline -0.005 -15"><span class='ocrx_word' id='word_1_210' title='bbox 134 2407 204 2453; x_wconf 87' lang='lat' dir='ltr'><strong>mae</strong></span> <span class='ocrx_word' id='word_1_211' title='bbox 223 2407 365 2468; x_wconf 76' lang='lat' dir='ltr'><strong>magnam</strong></span> <span class='ocrx_word' id='word_1_212' title='bbox 385 2391 619 2468; x_wconf 84' lang='lat' dir='ltr'><strong>trepidationem</strong></span> <span class='ocrx_word' id='word_1_213' title='bbox 638 2390 757 2450; x_wconf 81' lang='lat' dir='ltr'><strong>titianae</strong></span> <span class='ocrx_word' id='word_1_214' title='bbox 779 2387 884 2450; x_wconf 87' lang='lat' dir='ltr'><strong>Baebii</strong></span> <span class='ocrx_word' id='word_1_215' title='bbox 906 2388 1059 2459; x_wconf 75' lang='lat' dir='ltr'><strong>iecerunt,</strong></span> <span class='ocrx_word' id='word_1_216' title='bbox 1080 2401 1119 2448; x_wconf 87' lang='lat' dir='ltr'><strong>eo</strong></span> 
     </span>
     <span class='ocr_line' id='line_1_27' title="bbox 134 2469 1118 2554; baseline -0.004 -19"><span class='ocrx_word' id='word_1_217' title='bbox 134 2474 283 2538; x_wconf 88' lang='lat' dir='ltr'><strong>maiorem</strong></span> <span class='ocrx_word' id='word_1_218' title='bbox 305 2476 390 2554; x_wconf 89' lang='lat' dir='ltr'><strong>quod</strong></span> <span class='ocrx_word' id='word_1_219' title='bbox 405 2491 522 2553; x_wconf 84' lang='lat' dir='ltr'><strong>pausos</strong></span> <span class='ocrx_word' id='word_1_220' title='bbox 538 2481 610 2552; x_wconf 88' lang='lat' dir='ltr'><strong>post</strong></span> <span class='ocrx_word' id='word_1_221' title='bbox 624 2473 691 2535; x_wconf 88' lang='lat' dir='ltr'><strong>dies</strong></span> <span class='ocrx_word' id='word_1_222' title='bbox 704 2473 885 2547; x_wconf 76' lang='lat' dir='ltr'><strong>marcadus,</strong></span> <span class='ocrx_word' id='word_1_223' title='bbox 905 2469 1016 2533; x_wconf 77' lang='lat' dir='ltr'><strong>audito</strong></span> <span class='ocrx_word' id='word_1_224' title='bbox 1032 2483 1118 2532; x_wconf 81' lang='lat' dir='ltr'><strong>atter-</strong></span> 
     </span>
     <span class='ocr_line' id='line_1_28' title="bbox 135 2554 1119 2634; baseline -0.003 -13"><span class='ocrx_word' id='word_1_225' title='bbox 135 2559 197 2621; x_wconf 83' lang='lat' dir='ltr'><strong>eitu</strong></span> <span class='ocrx_word' id='word_1_226' title='bbox 211 2559 306 2622; x_wconf 83' lang='lat' dir='ltr'><strong>Fabio</strong></span> <span class='ocrx_word' id='word_1_227' title='bbox 320 2561 449 2622; x_wconf 86' lang='lat' dir='ltr'><strong>Romam</strong></span> <span class='ocrx_word' id='word_1_228' title='bbox 463 2575 532 2622; x_wconf 88' lang='lat' dir='ltr'><strong>oum</strong></span> <span class='ocrx_word' id='word_1_229' title='bbox 546 2559 692 2634; x_wconf 85' lang='lat' dir='ltr'><strong>venisset,</strong></span> <span class='ocrx_word' id='word_1_230' title='bbox 707 2571 794 2634; x_wconf 89' lang='lat' dir='ltr'><strong>spem</strong></span> <span class='ocrx_word' id='word_1_231' title='bbox 809 2554 922 2618; x_wconf 86' lang='lat' dir='ltr'><strong>ademit</strong></span> <span class='ocrx_word' id='word_1_232' title='bbox 934 2571 1005 2617; x_wconf 78' lang='lat' dir='ltr'><strong>eunn</strong></span> <span class='ocrx_word' id='word_1_233' title='bbox 1023 2555 1075 2632; x_wconf 86' lang='lat' dir='ltr'><strong>qui</strong></span> <span class='ocrx_word' id='word_1_234' title='bbox 1089 2557 1119 2618; x_wconf 90' lang='lat' dir='ltr'><strong>in</strong></span> 
     </span>
     <span class='ocr_line' id='line_1_29' title="bbox 135 2639 1165 2720; baseline -0.005 -17"><span class='ocrx_word' id='word_1_235' title='bbox 135 2643 233 2706; x_wconf 83' lang='lat' dir='ltr'><strong>Gaiiia</strong></span> <span class='ocrx_word' id='word_1_236' title='bbox 248 2651 333 2706; x_wconf 89' lang='lat' dir='ltr'><strong>esset</strong></span> <span class='ocrx_word' id='word_1_237' title='bbox 346 2645 512 2705; x_wconf 81' lang='lat' dir='ltr'><strong>exereitum</strong></span> <span class='ocrx_word' id='word_1_238' title='bbox 526 2643 557 2704; x_wconf 93' lang='lat' dir='ltr'><strong>in</strong></span> <span class='ocrx_word' id='word_1_239' title='bbox 570 2645 699 2720; x_wconf 76' lang='lat' dir='ltr'><strong>Ligures</strong></span> <span class='ocrx_word' id='word_1_240' title='bbox 714 2657 811 2718; x_wconf 90' lang='lat' dir='ltr'><strong>posse</strong></span> <span class='ocrx_word' id='word_1_241' title='bbox 826 2641 953 2715; x_wconf 75' lang='lat' dir='ltr'><strong>traduci,</strong></span> <span class='ocrx_word' id='word_1_242' title='bbox 969 2641 1042 2716; x_wconf 82' lang='lat' dir='ltr'><strong>qnia</strong></span> <span class='ocrx_word' id='word_1_243' title='bbox 1056 2639 1119 2700; x_wconf 86' lang='lat' dir='ltr'><strong>bei-</strong></span> <span class='ocrx_word' id='word_1_244' title='bbox 1160 2642 1165 2652; x_wconf 90' lang='lat'>&#39;</span> 
     </span>
    </p>
   </div>
   <div class='ocr_carea' id='block_1_5' title="bbox 19 2723 1120 3222">
    <p class='ocr_par' dir='ltr' id='par_1_5' title="bbox 19 2723 1120 3222">
     <span class='ocr_line' id='line_1_30' title="bbox 19 2723 1120 2808; baseline -0.005 -21"><span class='ocrx_word' id='word_1_245' title='bbox 19 2741 21 2788; x_wconf 81' lang='lat' dir='ltr'><strong>i</strong></span> <span class='ocrx_word' id='word_1_246' title='bbox 134 2731 198 2788; x_wconf 90' lang='lat' dir='ltr'><strong>ium</strong></span> <span class='ocrx_word' id='word_1_247' title='bbox 217 2743 286 2789; x_wconf 86' lang='lat' dir='ltr'><strong>eum</strong></span> <span class='ocrx_word' id='word_1_248' title='bbox 300 2725 411 2790; x_wconf 85' lang='lat' dir='ltr'><strong>Histris</strong></span> <span class='ocrx_word' id='word_1_249' title='bbox 425 2735 511 2790; x_wconf 89' lang='lat' dir='ltr'><strong>esset</strong></span> <span class='ocrx_word' id='word_1_250' title='bbox 531 2727 763 2808; x_wconf 79' lang='lat' dir='ltr'><strong>prohibentibus</strong></span> <span class='ocrx_word' id='word_1_251' title='bbox 780 2725 933 2786; x_wconf 86' lang='lat' dir='ltr'><strong>coloniam</strong></span> <span class='ocrx_word' id='word_1_252' title='bbox 944 2723 1120 2798; x_wconf 76' lang='lat' dir='ltr'><strong>nquiorem</strong></span> 
     </span>
     <span class='ocr_line' id='line_1_31' title="bbox 20 2807 1120 2890; baseline -0.005 -17"><span class='ocrx_word' id='word_1_253' title='bbox 20 2815 21 2858; x_wconf 85' lang='lat'>3</span> <span class='ocrx_word' id='word_1_254' title='bbox 136 2811 265 2872; x_wconf 78' lang='lat' dir='ltr'><strong>deduci:</strong></span> <span class='ocrx_word' id='word_1_255' title='bbox 290 2828 328 2873; x_wconf 90' lang='lat' dir='ltr'><strong>eo</strong></span> <span class='ocrx_word' id='word_1_256' title='bbox 350 2813 519 2890; x_wconf 76' lang='lat' dir='ltr'><strong>proiectum</strong></span> <span class='ocrx_word' id='word_1_257' title='bbox 531 2809 673 2886; x_wconf 83' lang='lat' dir='ltr'><strong>Fabium,</strong></span> <span class='ocrx_word' id='word_1_258' title='bbox 695 2825 796 2886; x_wconf 89' lang='lat' dir='ltr'><strong>neque</strong></span> <span class='ocrx_word' id='word_1_259' title='bbox 816 2807 889 2869; x_wconf 89' lang='lat' dir='ltr'><strong>inde</strong></span> <span class='ocrx_word' id='word_1_260' title='bbox 903 2807 1024 2882; x_wconf 74' lang='lat' dir='ltr'><strong>regredi</strong></span> <span class='ocrx_word' id='word_1_261' title='bbox 1037 2807 1120 2868; x_wconf 87' lang='lat' dir='ltr'><strong>bello</strong></span> 
     </span>
     <span class='ocr_line' id='line_1_32' title="bbox 19 2893 1120 2972; baseline -0.003 -17"><span class='ocrx_word' id='word_1_262' title='bbox 19 2951 21 2968; x_wconf 24' lang='grc' dir='ltr'>ἲ</span> <span class='ocrx_word' id='word_1_263' title='bbox 134 2895 279 2958; x_wconf 78' lang='lat' dir='ltr'><strong>inchoato</strong></span> <span class='ocrx_word' id='word_1_264' title='bbox 305 2912 411 2972; x_wconf 86' lang='lat' dir='ltr'><strong>posse.</strong></span> <span class='ocrx_word' id='word_1_265' title='bbox 443 2912 520 2971; x_wconf 88' lang='lat' dir='ltr'><strong>una,</strong></span> <span class='ocrx_word' id='word_1_266' title='bbox 548 2902 579 2956; x_wconf 88' lang='lat' dir='ltr'><strong>et</strong></span> <span class='ocrx_word' id='word_1_267' title='bbox 599 2911 636 2956; x_wconf 91' lang='lat' dir='ltr'><strong>ea</strong></span> <span class='ocrx_word' id='word_1_268' title='bbox 655 2897 725 2971; x_wconf 86' lang='lat' dir='ltr'><strong>ipsa</strong></span> <span class='ocrx_word' id='word_1_269' title='bbox 750 2893 866 2955; x_wconf 88' lang='lat' dir='ltr'><strong>tardior</strong></span> <span class='ocrx_word' id='word_1_270' title='bbox 887 2905 978 2967; x_wconf 91' lang='lat' dir='ltr'><strong>quam</strong></span> <span class='ocrx_word' id='word_1_271' title='bbox 999 2897 1120 2966; x_wconf 88' lang='lat' dir='ltr'><strong>tempus</strong></span> 
     </span>
     <span class='ocr_line' id='line_1_33' title="bbox 135 2975 1120 3056; baseline -0.006 -15.738"><span class='ocrx_word' id='word_1_272' title='bbox 135 2980 322 3056; x_wconf 86' lang='lat' dir='ltr'><strong>postulabat,</strong></span> <span class='ocrx_word' id='word_1_273' title='bbox 338 2979 469 3043; x_wconf 88' lang='lat' dir='ltr'><strong>subsidii</strong></span> <span class='ocrx_word' id='word_1_274' title='bbox 483 2993 558 3056; x_wconf 90' lang='lat' dir='ltr'><strong>spes</strong></span> <span class='ocrx_word' id='word_1_275' title='bbox 574 2986 653 3054; x_wconf 88' lang='lat' dir='ltr'><strong>erat,</strong></span> <span class='ocrx_word' id='word_1_276' title='bbox 669 2980 696 3040; x_wconf 91' lang='lat' dir='ltr'><strong>si</strong></span> <span class='ocrx_word' id='word_1_277' title='bbox 710 2977 857 3040; x_wconf 88' lang='lat' dir='ltr'><strong>eonsules</strong></span> <span class='ocrx_word' id='word_1_278' title='bbox 871 2981 1077 3038; x_wconf 86' lang='lat' dir='ltr'><strong>maturassent</strong></span> <span class='ocrx_word' id='word_1_279' title='bbox 1090 2975 1120 3034; x_wconf 93' lang='lat' dir='ltr'><strong>in</strong></span> 
     </span>
     <span class='ocr_line' id='line_1_34' title="bbox 135 3061 1120 3139; baseline -0.003 -15"><span class='ocrx_word' id='word_1_280' title='bbox 135 3063 326 3139; x_wconf 83' lang='lat' dir='ltr'><strong>provinciam</strong></span> <span class='ocrx_word' id='word_1_281' title='bbox 341 3065 394 3124; x_wconf 87' lang='lat' dir='ltr'><strong>ire.</strong></span> <span class='ocrx_word' id='word_1_282' title='bbox 417 3063 449 3124; x_wconf 93' lang='lat' dir='ltr'><strong>id</strong></span> <span class='ocrx_word' id='word_1_283' title='bbox 463 3071 497 3126; x_wconf 86' lang='lat' dir='ltr'><strong>ut</strong></span> <span class='ocrx_word' id='word_1_284' title='bbox 511 3063 654 3136; x_wconf 84' lang='lat' dir='ltr'><strong>iacerent,</strong></span> <span class='ocrx_word' id='word_1_285' title='bbox 669 3079 726 3138; x_wconf 93' lang='lat' dir='ltr'><strong>pro</strong></span> <span class='ocrx_word' id='word_1_286' title='bbox 741 3079 778 3124; x_wconf 90' lang='lat' dir='ltr'><strong>se</strong></span> <span class='ocrx_word' id='word_1_287' title='bbox 792 3061 924 3138; x_wconf 89' lang='lat' dir='ltr'><strong>quisque</strong></span> <span class='ocrx_word' id='word_1_288' title='bbox 934 3065 1053 3137; x_wconf 85' lang='lat' dir='ltr'><strong>potrum</strong></span> <span class='ocrx_word' id='word_1_289' title='bbox 1068 3073 1120 3121; x_wconf 88' lang='lat' dir='ltr'><strong>vo·</strong></span> 
     </span>
     <span class='ocr_line' id='line_1_35' title="bbox 137 3145 1120 3222; baseline -0.005 -14"><span class='ocrx_word' id='word_1_290' title='bbox 137 3148 267 3209; x_wconf 82' lang='lat' dir='ltr'><strong>citerani.</strong></span> <span class='ocrx_word' id='word_1_291' title='bbox 289 3147 434 3210; x_wconf 88' lang='lat' dir='ltr'><strong>eonsuies</strong></span> <span class='ocrx_word' id='word_1_292' title='bbox 448 3147 508 3208; x_wconf 90' lang='lat' dir='ltr'><strong>nisi</strong></span> <span class='ocrx_word' id='word_1_293' title='bbox 524 3147 663 3208; x_wconf 84' lang='lat' dir='ltr'><strong>coniecto</strong></span> <span class='ocrx_word' id='word_1_294' title='bbox 678 3145 791 3208; x_wconf 80' lang='lat' dir='ltr'><strong>dilectu</strong></span> <span class='ocrx_word' id='word_1_295' title='bbox 805 3159 920 3222; x_wconf 82' lang='lat' dir='ltr'><strong>negare</strong></span> <span class='ocrx_word' id='word_1_296' title='bbox 930 3159 1002 3206; x_wconf 90' lang='lat' dir='ltr'><strong>sese</strong></span> <span class='ocrx_word' id='word_1_297' title='bbox 1013 3145 1120 3217; x_wconf 89' lang='lat' dir='ltr'><strong>ituros,</strong></span> 
     </span>
    </p>
   </div>
   <div class='ocr_carea' id='block_1_6' title="bbox 134 3229 1119 3558">
    <p class='ocr_par' dir='ltr' id='par_1_6' title="bbox 134 3229 1119 3558">
     <span class='ocr_line' id='line_1_36' title="bbox 138 3229 1119 3308; baseline -0.005 -17"><span class='ocrx_word' id='word_1_298' title='bbox 138 3245 195 3292; x_wconf 89' lang='lat' dir='ltr'><strong>neo</strong></span> <span class='ocrx_word' id='word_1_299' title='bbox 216 3245 304 3294; x_wconf 90' lang='lat' dir='ltr'><strong>suam</strong></span> <span class='ocrx_word' id='word_1_300' title='bbox 324 3229 484 3308; x_wconf 76' lang='lat' dir='ltr'><strong>segnitiem</strong></span> <span class='ocrx_word' id='word_1_301' title='bbox 504 3231 561 3292; x_wconf 90' lang='lat' dir='ltr'><strong>sed</strong></span> <span class='ocrx_word' id='word_1_302' title='bbox 581 3231 643 3292; x_wconf 91' lang='lat' dir='ltr'><strong>vim</strong></span> <span class='ocrx_word' id='word_1_303' title='bbox 663 3231 762 3292; x_wconf 92' lang='lat' dir='ltr'><strong>morbi</strong></span> <span class='ocrx_word' id='word_1_304' title='bbox 782 3230 812 3290; x_wconf 93' lang='lat' dir='ltr'><strong>in</strong></span> <span class='ocrx_word' id='word_1_305' title='bbox 834 3243 930 3290; x_wconf 85' lang='lat' dir='ltr'><strong>eausa</strong></span> <span class='ocrx_word' id='word_1_306' title='bbox 947 3241 1033 3300; x_wconf 86' lang='lat' dir='ltr'><strong>esse,</strong></span> <span class='ocrx_word' id='word_1_307' title='bbox 1056 3241 1119 3301; x_wconf 91' lang='lat' dir='ltr'><strong>quo</strong></span> 
     </span>
     <span class='ocr_line' id='line_1_37' title="bbox 135 3311 1119 3392; baseline -0.009 -16"><span class='ocrx_word' id='word_1_308' title='bbox 135 3316 237 3377; x_wconf 88' lang='lat' dir='ltr'><strong>serius</strong></span> <span class='ocrx_word' id='word_1_309' title='bbox 259 3316 467 3392; x_wconf 77' lang='lat' dir='ltr'><strong>perficeretur.</strong></span> <span class='ocrx_word' id='word_1_310' title='bbox 497 3323 680 3376; x_wconf 91' lang='lat' dir='ltr'><strong>nontamen</strong></span> <span class='ocrx_word' id='word_1_311' title='bbox 701 3321 865 3390; x_wconf 86' lang='lat' dir='ltr'><strong>potuerunt</strong></span> <span class='ocrx_word' id='word_1_312' title='bbox 879 3311 1033 3374; x_wconf 89' lang='lat' dir='ltr'><strong>sustinere</strong></span> <span class='ocrx_word' id='word_1_313' title='bbox 1047 3321 1119 3370; x_wconf 86' lang='lat' dir='ltr'><strong>eon·</strong></span> 
     </span>
     <span class='ocr_line' id='line_1_38' title="bbox 134 3394 1119 3476; baseline -0.008 -16"><span class='ocrx_word' id='word_1_314' title='bbox 134 3414 263 3462; x_wconf 88' lang='lat' dir='ltr'><strong>sensum</strong></span> <span class='ocrx_word' id='word_1_315' title='bbox 283 3407 425 3472; x_wconf 84' lang='lat' dir='ltr'><strong>senatus,</strong></span> <span class='ocrx_word' id='word_1_316' title='bbox 448 3400 520 3476; x_wconf 85' lang='lat' dir='ltr'><strong>quin</strong></span> <span class='ocrx_word' id='word_1_317' title='bbox 535 3399 672 3475; x_wconf 87' lang='lat' dir='ltr'><strong>paludati</strong></span> <span class='ocrx_word' id='word_1_318' title='bbox 687 3397 819 3471; x_wconf 89' lang='lat' dir='ltr'><strong>exirent,</strong></span> <span class='ocrx_word' id='word_1_319' title='bbox 835 3404 865 3457; x_wconf 88' lang='lat' dir='ltr'><strong>et</strong></span> <span class='ocrx_word' id='word_1_320' title='bbox 877 3394 1021 3456; x_wconf 80' lang='lat' dir='ltr'><strong>militibus</strong></span> <span class='ocrx_word' id='word_1_321' title='bbox 1038 3405 1119 3467; x_wconf 82' lang='lat' dir='ltr'><strong>quoa</strong></span> 
     </span>
     <span class='ocr_line' id='line_1_39' title="bbox 137 3474 1117 3558; baseline -0.009 -15"><span class='ocrx_word' id='word_1_322' title='bbox 137 3482 333 3558; x_wconf 79' lang='lat' dir='ltr'><strong>conscriptos</strong></span> <span class='ocrx_word' id='word_1_323' title='bbox 347 3483 497 3544; x_wconf 87' lang='lat' dir='ltr'><strong>haberent</strong></span> <span class='ocrx_word' id='word_1_324' title='bbox 512 3483 591 3543; x_wconf 90' lang='lat' dir='ltr'><strong>diem</strong></span> <span class='ocrx_word' id='word_1_325' title='bbox 607 3483 777 3554; x_wconf 77' lang='lat' dir='ltr'><strong>edicerent,</strong></span> <span class='ocrx_word' id='word_1_326' title='bbox 796 3493 858 3556; x_wconf 90' lang='lat' dir='ltr'><strong>quo</strong></span> <span class='ocrx_word' id='word_1_327' title='bbox 872 3479 959 3541; x_wconf 88' lang='lat' dir='ltr'><strong>Pisas</strong></span> <span class='ocrx_word' id='word_1_328' title='bbox 974 3474 1117 3538; x_wconf 82' lang='lat' dir='ltr'><strong>eonveni-</strong></span> 
     </span>
    </p>
   </div>
   <div class='ocr_carea' id='block_1_7' title="bbox 0 0 1304 3956">
    <p class='ocr_par' dir='ltr' id='par_1_7' title="bbox 0 0 1304 3956">
     <span class='ocr_line' id='line_1_40' title="bbox 0 0 1304 3956; baseline 0 0"><span class='ocrx_word' id='word_1_329' title='bbox 0 0 1304 3956; x_wconf 95' lang='lat' dir='ltr'><strong> </strong></span> 
     </span>
    </p>
   </div>
  </div>
 </body>
</html>
