2574 3954
331 209 549 270 trennxtv.
575 211 658 270 ene.
673 219 738 274 ar.
762 215 916 290 [aona]
1046 215 1108 276 ane

127 364 251 440 quidem
264 361 459 436 abscedebat,
476 362 575 423 donec
588 362 675 423 iussu
688 361 740 422 Cn.
754 361 870 422 Octauii
882 368 1107 438 pronuntiatum

126 455 176 508 est
201 456 265 522 per·
279 460 462 521 praeconem
482 444 585 520 regios
611 459 725 520 pueros
745 445 995 523 Macedonasque
1019 451 1106 525 alios,

127 529 180 606 qui
188 529 404 591 Samothracae
419 536 532 603 essent,
554 529 579 589 si
587 529 750 590 transirent
764 530 974 606 adRomanos,
990 531 1105 594 incolu-

126 615 260 674 mitatem
275 612 506 687 libertatemque
521 619 552 673 et
565 628 621 672 sua
639 613 740 673 omnia
755 623 940 688 servaturos,
962 632 1041 690 quae
1056 625 1108 678 aut

126 713 230 758 secum
251 695 400 756 haberent
421 703 473 756 aut
491 695 522 756 iu
536 695 718 756 Macedonia
731 696 938 771 reliquissent.
973 699 1107 760 adhunc

125 796 234 842 vocem
255 777 392 840 transitio
417 778 551 839 omnium
573 780 652 839 iacta
666 787 723 850 est,
738 780 923 854 nominaque
938 781 1053 843 dabant
1066 785 1107 842 ad

126 866 157 924 C.
171 863 359 924 Postumium
377 861 529 923 tribunum
543 863 676 922 militum.
712 862 825 924 liberos
846 879 971 940 quoque
992 881 1105 940 parvos

124 947 228 1022 regios
249 947 303 1008 lon
323 944 608 1007 Thessalonicensis
629 945 755 1007 Octavio
778 946 917 1018 tradidit;
943 964 1000 1008 nec
1022 948 1106 1024 quis-

126 1047 226 1106 quam,
250 1036 370 1107 praeter
394 1028 564 1105 Philippum
579 1030 743 1090 maximum
762 1037 842 1098 ¹natu
867 1046 907 1090 cx
926 1029 1011 1105 filiis,
1038 1048 1105 1092 curn

123 1131 198 1189 rege
211 1113 346 1174 relictus.
368 1113 682 1190 tumseseliliumque
704 1112 829 1174 Octavio
852 1113 988 1189 tradidit,
1012 1117 1105 1177 sortu-
1191 1161 1194 1169 ,

124 1213 195 1258 nam
210 1197 359 1273 deosque,
375 1211 505 1271 quorum
519 1199 664 1272 templum
675 1205 749 1272 erat,
765 1198 847 1258 nulla
861 1213 922 1273 ope
934 1198 1105 1275 supplicem
1163 1221 1167 1234 ¹

124 1281 264 1342 iuvantes
280 1295 441 1341 accusans.
471 1279 500 1340 in
524 1281 707 1356 praetoriam
731 1296 839 1341 navem
860 1280 976 1356 imponi
990 1282 1105 1357 iussus,

124 1367 234 1426 eodem
248 1371 280 1426 et
294 1363 441 1439 pecunia,
464 1380 543 1438 quac
564 1365 718 1440 superfuit
734 1366 835 1425 delata
852 1371 914 1434 est3
937 1367 1105 1441 extemplo·

125 1465 186 1524 que
201 1447 311 1510 classis
327 1446 534 1523 Amphipolim
548 1447 666 1524 repetit.
702 1447 775 1508 inde
795 1445 939 1508 Octavius
956 1463 1061 1524 regem
1075 1449 1105 1508 in

123 1540 226 1593 castra
236 1533 275 1592 ad
287 1533 444 1592 consulem
455 1530 537 1592 misit
548 1529 727 1607 praemissis
740 1530 856 1606 litteris,
868 1537 902 1591 ut
913 1531 942 1592 in
957 1539 1107 1608 potestate

125 1633 194 1678 eum
209 1631 280 1676 esse
294 1625 325 1677 et
336 1614 449 1676 adduci
468 1613 570 1676 sciret.

209 1700 275 1759 Vll.
304 1699 478 1760 Secundam
500 1715 566 1759 eam
586 1697 713 1774 Paulus,
740 1699 923 1771 sicuteraq
948 1699 1105 1762 ,victoriam

123 1793 209 1846 ratus
224 1782 364 1844 victimas
380 1781 491 1844 cecidit
505 1799 542 1842 eo
558 1781 678 1852 nuntio;
701 1790 731 1843 et
748 1781 878 1843 consilio
892 1783 1043 1844 advocato
1060 1783 1105 1842 lit-

126 1877 207 1929 teras
223 1864 373 1943 praetoris
390 1881 458 1927 cum
472 1865 642 1939 recitasset
660 1867 694 1941 Q.
708 1866 829 1926 Aelium
843 1865 1036 1927 Tuberonem
1052 1867 1105 1927 ob·

124 1953 206 2012 viam
225 1950 291 2025 regi
310 1949 405 2023 misit,
427 1957 547 2010 ceteros
568 1964 692 2011 manere
712 1950 741 2009 in
759 1950 910 2026 praetorio
929 1951 1105 2026 trequentes

125 2032 222 2096 iussit.
255 2050 318 2094 non
339 2033 415 2094 alias
437 2035 477 2094 ad
497 2035 590 2093 ullum
612 2035 821 2109 spectaculum
840 2039 923 2093 tanta
945 2035 1105 2096 multitudo
1146 2043 1147 2048 ’

125 2119 266 2181 occurrit.
296 2125 415 2193 patrum
430 2124 529 2177 aetate
544 2115 674 2194 Syphax
687 2132 744 2176 rex
760 2123 867 2191 captus
882 2116 914 2176 in
930 2125 1030 2178 castra
1044 2118 1105 2178 Ro-

124 2217 215 2262 mana
229 2200 380 2261 adductus
393 2207 473 2268 erat3
495 2206 708 2275 praeterquam
725 2201 808 2274 quod
823 2215 881 2260 nec
896 2217 954 2260 sua
964 2217 1105 2275 necgen-

125 2288 162 2346 tis
179 2286 258 2345 iama
273 2283 514 2359 comparandus,
532 2290 604 2344 tunc
625 2283 764 2343 accessio
785 2282 892 2344 Punici
912 2282 984 2343 belli
999 2285 1106 2357 suerat,

126 2367 346 2430 sicutGentius
360 2366 568 2428 Macedoniam
590 2366 721 2426 Perseus
743 2373 836 2441 caput
854 2366 927 2426 belli
947 2373 1028 2439 erat,
1049 2381 1106 2426 nec

125 2453 224 2530 ipsius
239 2459 352 2512 tantum
364 2451 458 2526 putris
471 2450 591 2526 avique,
607 2465 687 2525 quos
700 2451 896 2526 sanguineae
907 2466 1021 2525 genere
1033 2467 1106 2512 con»

126 2536 269 2612 tingebat,
284 2535 365 2596 fama
379 2543 578 2610 conspectum
594 2550 662 2595 eum
678 2533 839 2607 efficiebat,
851 2535 908 2594 sed
922 2533 1107 2609 effulgebant

125 2621 283 2694 Philippus
299 2635 335 2678 ac
352 2634 481 2694 magnus
492 2618 683 2692 Alexander,
705 2619 758 2693 qui
779 2633 929 2678 summum
946 2616 1107 2694 imperium

125 2703 156 2763 in
172 2703 248 2764 orbe
261 2710 408 2762 terrarum
422 2700 625 2761 Macedonum
640 2702 784 2760 fecerant.
822 2702 905 2776 pullo
921 2701 1049 2762 amictus
1066 2701 1107 2740 **

125 2788 177 2847 illo
188 2786 320 2846 Perseus
335 2784 494 2859 ingressus
507 2792 556 2844 est
570 2791 670 2844 castra
680 2786 763 2844 nullo
776 2800 903 2845 suorum
912 2785 973 2845 alio
986 2783 1105 2858 comite,

126 2871 178 2946 qui
194 2869 300 2931 socius
316 2865 494 2928 calamitatis
515 2866 766 2928 miserabiliorem
787 2884 857 2928 eum
879 2869 1002 2929 iaceret.
1037 2883 1106 2943 pro·

125 2953 211 3028 gredi
227 2968 301 3028 prae
317 2952 404 3013 turba
420 2951 642 3012 occurrentium
664 2951 704 3010 ad
721 2950 931 3027 spectaculum
944 2967 1005 3014 nou
1021 2959 1105 3026 pote-

126 3044 181 3110 rat,
197 3037 297 3097 donec
310 3053 331 3096 a
345 3037 473 3097 consule
494 3033 619 3096 lictores
634 3034 721 3095 missi
735 3043 855 3111 essent,
879 3035 932 3112 qui
952 3043 1105 3097 summoto

127 3119 184 3179 iter
197 3119 237 3178 ad
248 3121 433 3194 praetorium
449 3120 591 3179 lacerent
628 3119 820 3180 consurrexit
834 3120 952 3194 consul,
967 3128 998 3180 et
1012 3117 1106 3179 iussis

127 3202 237 3262 sedere
264 3201 331 3262 aliis
353 3205 601 3278 progressusque
623 3203 746 3278 paulum
766 3201 929 3266 introeunti
948 3203 1012 3278 regi
1033 3205 1107 3262 dex·

126 3291 202 3346 tram
224 3286 370 3361 porrexit.
407 3285 704 3361 summittentemque
733 3301 769 3346 se
789 3287 828 3346 ad
850 3287 947 3362 pedes
975 3283 1105 3355 sustulit,

126 3385 184 3430 nec
198 3368 346 3444 attingere
360 3383 461 3444 genua
476 3383 589 3443 passus
598 3368 807 3446 vintroductum
827 3369 858 3428 in
880 3368 1107 3431 tabernaculum

126 3452 277 3515 adversus
285 3451 454 3514 advocatos
462 3452 492 3511 in
501 3451 830 3528 consiliumconsidere
838 3453 934 3513 iussit.
948 3451 1029 3511 Vlll.
1045 3449 1107 3525 pri-

841 3540 963 3607 173113
987 3555 1042 3603 *ιβ’

806 3595 850 3636 ⁴2⁴
876 3593 948 3636 ΗΝ
986 3595 1043 3630 αὑύ

806 3633 813 3668 *A
845 3626 933 3668 '01oe
