2570 3952
311 189 425 250 LIBER
436 189 526 249 XLV.
549 189 631 250 CAP.
642 197 686 251 41.
698 198 742 252 42.
766 197 802 263 [a.
815 195 847 247 C.
860 195 923 260 167]
1041 187 1102 251 295

131 338 193 399 citu
205 345 338 414 accepto,
350 339 471 398 mutatis
484 338 677 414 quibusdam,
690 355 887 415 quaemagna
893 337 1109 413 impedimenta

131 420 273 482 victoriae
289 431 383 496 erant,
405 438 590 498 progressus
605 422 686 496 inde,
708 423 780 497 quia
793 421 1044 496 inexpugnabilia
1058 437 1107 481 oa·

18 521 21 594 f
132 512 195 564 stra
210 505 342 566 bostium
358 513 444 566 erant
459 521 559 581 neque
574 504 644 581 cogi
658 520 796 580 pugnare
811 511 930 580 poterat
943 519 1009 577 rex,
1031 505 1110 566 inter

18 609 19 616 ¹
132 587 287 662 praesidia
300 590 368 650 eius
379 589 489 649 saltum
504 589 544 648 ad
554 587 672 649 Petram
682 589 778 660 evasi,
795 595 825 648 et
838 589 878 647 ad
889 603 1023 663 pugnam
1034 604 1108 663 rege

17 673 18 698 ³
131 677 238 731 coacto
260 671 326 734 acie
339 671 416 747 vici,
436 671 648 733 Macedoniam
668 669 699 733 in
720 677 902 748 potestatem
925 672 1033 747 populi
1048 673 1108 732 Ro-

130 754 210 813 mani
231 754 351 830 redegi,
372 763 403 815 et
423 756 508 831 quod
522 756 635 817 bellum
649 770 705 831 per
719 754 951 831 quadriennium
967 762 1110 830 quattuor

130 845 200 896 ante
225 853 273 897 me
298 841 442 900 consules
466 838 510 899 ita
529 847 706 914 gesserunt,
732 846 766 899 ut
786 853 909 912 semper
930 839 1108 899 successori
1195 853 1197 860 ·

129 921 283 980 traderent
296 921 429 996 gravius,
450 923 481 982 id
496 938 554 997 ego
570 909 745 998 quindecim
760 921 869 983 diebus
884 921 1011 997 perfeci.
1034 921 1108 981 alia-

128 1021 196 1064 rum
217 1004 327 1064 deinde
349 1006 553 1066 secundarum
572 1022 674 1066 rerum
688 1005 772 1066 velut
785 1011 952 1081 proventus
968 1012 1107 1065 secutus=

129 1087 267 1149 civitates
284 1102 391 1148 omnes
406 1088 605 1148 Macedoniae
617 1104 652 1149 se
666 1087 864 1157 dediderunt;
886 1103 964 1163 gaza
976 1090 1062 1164 regia
1076 1088 1108 1148 in

12 1211 13 1228 ἶ
128 1177 310 1245 potestatem
330 1171 427 1239 venit;
452 1187 509 1230 rex
527 1172 596 1246 ipse
615 1172 806 1232 tradentibus
827 1187 926 1248 prope
947 1171 1025 1247 ipsis
1048 1171 1107 1232 diis

12 1263 13 1294 l
127 1254 159 1313 in
174 1255 287 1328 templo
304 1253 536 1314 Samotbracum
551 1270 621 1314 cum
635 1255 739 1314 liberis
750 1261 798 1314 est
813 1263 932 1330 captus.
945 1255 1018 1315 mihi
1030 1272 1106 1330 quo·

130 1352 191 1412 que
211 1337 272 1412 ipsi
292 1337 382 1397 ninia
403 1338 462 1396 iam
482 1339 604 1396 fortuna
623 1353 693 1396 mea
711 1338 824 1411 videri,
846 1353 947 1412 eoque
962 1347 1109 1411 suspecta

127 1435 210 1480 esse.
233 1421 327 1480 maris
348 1419 486 1496 pericula
506 1421 611 1481 timere
627 1420 716 1495 coepi
735 1421 765 1479 in
781 1427 865 1481 tanta
879 1422 1010 1496 pecunia
1023 1422 1108 1495 regia

127 1504 158 1564 in
180 1505 295 1564 ltaliam
320 1503 488 1564 uaioienda
512 1510 542 1565 et
566 1503 681 1564 victore
702 1502 838 1564 exercitu
857 1505 1106 1579 transportando.

128 1595 293 1664 postquam
315 1587 416 1648 omnia
436 1589 575 1649 seeundo
597 1587 718 1648 navium
740 1603 834 1648 cursu
854 1589 885 1648 in
906 1587 1021 1648 ltaliam
1037 1603 1106 1664 per-

128 1680 285 1744 venerunt,
301 1686 402 1747 neque
418 1678 482 1731 erat
498 1671 582 1747 quod
595 1673 675 1731 ultra
688 1685 841 1748 precarer,
856 1672 930 1732 illud
943 1672 1057 1746 optavi,
1074 1679 1109 1732 ut

128 1768 197 1816 cum
218 1771 258 1815 ex
278 1769 397 1814 summo
412 1763 493 1816 retro
508 1755 592 1814 volvi
614 1755 735 1816 fortuna
748 1763 947 1829 consuesset,
968 1755 1107 1815 mutatio·

128 1854 197 1898 nem
218 1839 285 1898 eius
305 1838 416 1898 domus
436 1853 505 1898 mea
524 1838 628 1912 potius
650 1855 742 1913 quam
761 1853 812 1897 res
834 1837 958 1913 publica
972 1838 1107 1898 sentiret.

127 1921 232 1996 itaque
247 1921 421 1982 defunctam
435 1935 508 1982 esse
519 1923 670 1982 fortunam
682 1921 834 1997 publicam
845 1929 984 1981 meatem
996 1921 1107 1996 insigni

128 2005 298 2064 calamitate
319 2019 427 2081 spero,
450 2005 535 2079 quod
556 2005 725 2080 triumphus
748 2021 849 2078 meus,
870 2006 955 2065 velut
974 2005 1015 2065 ad
1028 2005 1107 2065 ludi·

129 2087 226 2147 brium
242 2103 367 2147 casuum
381 2086 596 2158 humanorum,
619 2087 741 2148 duobus
762 2089 920 2149 funeribus
941 2088 1106 2149 liberorum

128 2186 264 2230 meorum
279 2178 327 2230 est
340 2169 549 2245 interpositus.
569 2179 599 2231 et
614 2185 682 2231 oum
697 2187 755 2245 ego
771 2179 801 2230 et
812 2171 945 2231 Perseus
958 2187 1039 2231 nuno
1051 2187 1107 2232 no·

128 2253 200 2314 bilia
221 2253 352 2314 maxime
373 2253 465 2314 sortis
487 2251 657 2315 mortalium
678 2255 819 2328 exempla
833 2259 1022 2328 spectemur:
1046 2252 1106 2327 ille,

129 2338 181 2413 qui
196 2345 266 2398 ante
287 2353 322 2396 se
343 2337 482 2412 captivos
499 2337 639 2412 captivus
653 2337 721 2413 ipse
736 2337 808 2397 duci
822 2335 936 2397 liberos
951 2335 1040 2410 vidit,
1062 2337 1107 2394 in-

127 2423 264 2482 columes
287 2429 386 2482 tamen
408 2436 463 2482 eos
485 2421 590 2482 haben
618 2436 692 2494 ego,
715 2421 767 2496 qui
788 2421 827 2480 de
847 2419 899 2480 illo
914 2420 1106 2495 triumphavi,

126 2504 166 2566 ab
186 2505 310 2566 alterius
332 2505 438 2565 funere
453 2505 507 2565 filii
530 2520 651 2565 currum
664 2502 698 2543 **
712 2520 751 2564 ex
768 2503 916 2580 Capitolio
932 2519 1032 2580 prope
1046 2503 1108 2564 iam

129 2590 333 2664 exspirantem
345 2589 431 2657 veni;
454 2604 554 2664 neque
569 2604 608 2648 ex
619 2595 702 2648 tanta
716 2589 810 2664 stirpe
820 2587 950 2650 liberum
961 2597 1108 2663 superest

127 2673 180 2747 qui
193 2673 226 2731 L.
242 2670 363 2731 Aemilii
376 2670 460 2731 Pauli
475 2687 586 2731 nomen
600 2672 686 2730 ferat.
709 2672 788 2733 duos
804 2671 884 2732 enim
897 2678 1052 2746 tamquam
1067 2686 1107 2730 ex

128 2771 238 2829 magna
259 2751 407 2829 progenie
426 2753 590 2816 liberorum
604 2755 635 2812 in
651 2755 846 2829 adoptionem
862 2754 951 2813 datos
968 2752 1108 2814 Cornelia

127 2846 157 2900 et
170 2839 264 2899 Fabia
278 2851 355 2913 gens
370 2835 496 2895 babent:
519 2836 601 2896 Pauli
615 2837 646 2894 in
661 2836 753 2897 domo
764 2843 886 2912 praeter
898 2851 1003 2895 senem
1016 2851 1105 2896 nemo

127 2929 279 2998 superest.
303 2920 360 2980 sed
380 2920 461 2980 hanc
482 2920 600 2979 cladem
620 2920 730 2980 domus
750 2934 837 2979 meae
858 2927 962 2979 vestra
977 2919 1106 2980 felicitas

127 3014 158 3065 et
172 3006 309 3066 secunda
325 3005 446 3066 fortuna
462 3003 583 3079 publiea
598 3005 805 3064 consolatur.“
825 3003 914 3064 XLII.
929 3003 1006 3063 haec
1021 3010 1105 3065 tanto

126 3089 208 3148 dicta
223 3090 323 3147 animo
338 3089 435 3161 magis
451 3086 618 3148 confudere
632 3086 817 3147 audientium
829 3087 958 3162 animos,
975 3088 1107 3163 quamsi

126 3169 339 3232 miserabiliter
354 3169 512 3230 orbitatem
526 3187 614 3232 suam
630 3169 773 3230 deflendo
788 3172 911 3232 loeutus
926 3179 1018 3232 esset.

213 3254 264 3314 Cn.
287 3250 429 3322 Octavius
450 3253 586 3313 calendis
606 3253 826 3314 Decembribus
848 3255 888 3314 de
901 3269 975 3329 rege
988 3254 1103 3312 Perseo

125 3338 265 3398 navalem
287 3335 471 3411 triumphum
492 3337 562 3410 egit.
585 3337 612 3396 is
629 3337 798 3412 triumphus
813 3338 880 3398 sine
895 3335 1025 3412 captivis
1040 3333 1105 3409 fuit,

123 3422 193 3482 sine
215 3420 332 3496 spoliis.
354 3419 437 3479 dedit
458 3420 551 3481 sociis
573 3421 732 3480 navalibus
755 3421 785 3479 in
806 3421 945 3495 singulos
961 3419 1106 3479 denarios

1268 2735 1271 2816 l

1267 2837 1270 2912 l
