<?xml version="1.0" encoding="UTF-8"?>
<!DOCTYPE html PUBLIC "-//W3C//DTD XHTML 1.0 Transitional//EN"
    "http://www.w3.org/TR/xhtml1/DTD/xhtml1-transitional.dtd">
<html xmlns="http://www.w3.org/1999/xhtml" xml:lang="en" lang="en">
 <head>
  <title>
</title>
<meta http-equiv="Content-Type" content="text/html;charset=utf-8" />
  <meta name='ocr-system' content='tesseract 3.04.00' />
  <meta name='ocr-capabilities' content='ocr_page ocr_carea ocr_par ocr_line ocrx_word'/>
</head>
<body>
  <div class='ocr_page' id='page_1' title='image "./aburbeconditali09livygoog_0196.png"; bbox 0 0 2574 3954; ppageno 0'>
   <div class='ocr_carea' id='block_1_1' title="bbox 200 207 1013 288">
    <p class='ocr_par' dir='ltr' id='par_1_1' title="bbox 200 207 1013 288">
     <span class='ocr_line' id='line_1_1' title="bbox 200 207 1013 288; baseline 0.001 -17"><span class='ocrx_word' id='word_1_1' title='bbox 200 209 263 272; x_wconf 89' lang='lat' dir='ltr'>1oo</span> <span class='ocrx_word' id='word_1_2' title='bbox 369 207 582 270; x_wconf 79' lang='lat' dir='ltr'>nmnnxnu.</span> <span class='ocrx_word' id='word_1_3' title='bbox 603 207 797 271; x_wconf 71' lang='lat' dir='ltr'>onnam.</span> <span class='ocrx_word' id='word_1_4' title='bbox 818 217 854 283; x_wconf 65' lang='lat' dir='ltr'>[a.</span> <span class='ocrx_word' id='word_1_5' title='bbox 867 215 938 274; x_wconf 64' lang='lat' dir='ltr'>uc.</span> <span class='ocrx_word' id='word_1_6' title='bbox 951 213 1013 288; x_wconf 72' lang='lat' dir='ltr'>aar]</span> 
     </span>
    </p>
   </div>
   <div class='ocr_carea' id='block_1_2' title="bbox 171 360 1174 3510">
    <p class='ocr_par' dir='ltr' id='par_1_2' title="bbox 171 360 1174 3510">
     <span class='ocr_line' id='line_1_2' title="bbox 195 360 1174 436; baseline 0 -12"><span class='ocrx_word' id='word_1_7' title='bbox 195 363 384 424; x_wconf 81' lang='lat' dir='ltr'>Boeotorum</span> <span class='ocrx_word' id='word_1_8' title='bbox 404 360 585 436; x_wconf 83' lang='lat' dir='ltr'>quibusdam</span> <span class='ocrx_word' id='word_1_9' title='bbox 601 360 739 436; x_wconf 76' lang='lat' dir='ltr'>populls,</span> <span class='ocrx_word' id='word_1_10' title='bbox 755 375 794 424; x_wconf 80' lang='lat' dir='ltr'>ox</span> <span class='ocrx_word' id='word_1_11' title='bbox 810 377 875 436; x_wconf 89' lang='lat' dir='ltr'>quo</span> <span class='ocrx_word' id='word_1_12' title='bbox 890 361 1092 424; x_wconf 84' lang='lat' dir='ltr'>renuntiatum</span> <span class='ocrx_word' id='word_1_13' title='bbox 1107 373 1174 424; x_wconf 86' lang='lat' dir='ltr'>enat</span> 
     </span>
     <span class='ocr_line' id='line_1_3' title="bbox 195 445 1171 524; baseline 0.002 -18"><span class='ocrx_word' id='word_1_14' title='bbox 195 445 399 524; x_wconf 84' lang='lat' dir='ltr'>respondisse</span> <span class='ocrx_word' id='word_1_15' title='bbox 413 445 531 520; x_wconf 74' lang='lat' dir='ltr'>legatos</span> <span class='ocrx_word' id='word_1_16' title='bbox 544 445 753 522; x_wconf 75' lang='lat' dir='ltr'>apparitorum</span> <span class='ocrx_word' id='word_1_17' title='bbox 774 445 887 518; x_wconf 85' lang='lat' dir='ltr'>quibus</span> <span class='ocrx_word' id='word_1_18' title='bbox 906 446 1030 521; x_wconf 77' lang='lat' dir='ltr'>populls</span> <span class='ocrx_word' id='word_1_19' title='bbox 1046 447 1171 522; x_wconf 87' lang='lat' dir='ltr'>proprie</span> 
     </span>
     <span class='ocr_line' id='line_1_4' title="bbox 184 527 1170 604; baseline 0 -14"><span class='ocrx_word' id='word_1_20' title='bbox 184 531 544 603; x_wconf 79' lang='lat' dir='ltr'>‚serietatomoumnega</span> <span class='ocrx_word' id='word_1_21' title='bbox 554 527 640 602; x_wconf 78' lang='lat' dir='ltr'>mogi</span> <span class='ocrx_word' id='word_1_22' title='bbox 654 527 872 604; x_wconf 80' lang='lat' dir='ltr'>displicuisset.</span> <span class='ocrx_word' id='word_1_23' title='bbox 900 529 1170 604; x_wconf 68' lang='lat' dir='ltr'>mimia-(haaro-</span> 
     </span>
     <span class='ocr_line' id='line_1_5' title="bbox 189 609 1170 690; baseline 0.002 -18"><span class='ocrx_word' id='word_1_24' title='bbox 189 628 256 672; x_wconf 86' lang='lat' dir='ltr'>noa</span> <span class='ocrx_word' id='word_1_25' title='bbox 268 612 378 688; x_wconf 81' lang='lat' dir='ltr'>legati,</span> <span class='ocrx_word' id='word_1_26' title='bbox 395 611 543 678; x_wconf 74' lang='lat' dir='ltr'>omisa</span> <span class='ocrx_word' id='word_1_27' title='bbox 555 609 667 671; x_wconf 77' lang='lat' dir='ltr'>iiirslua</span> <span class='ocrx_word' id='word_1_28' title='bbox 688 610 720 670; x_wconf 84' lang='lat' dir='ltr'>io</span> <span class='ocrx_word' id='word_1_29' title='bbox 740 610 810 686; x_wconf 83' lang='lat' dir='ltr'>ipso</span> <span class='ocrx_word' id='word_1_30' title='bbox 826 611 939 676; x_wconf 79' lang='lat' dir='ltr'>itinere</span> <span class='ocrx_word' id='word_1_31' title='bbox 958 621 1170 690; x_wconf 79' lang='lat' dir='ltr'>ooomrorunt,</span> 
     </span>
     <span class='ocr_line' id='line_1_6' title="bbox 197 694 1172 770; baseline 0.001 -14"><span class='ocrx_word' id='word_1_32' title='bbox 197 696 472 756; x_wconf 72' lang='lat' dir='ltr'>adfirmantoscnon</span> <span class='ocrx_word' id='word_1_33' title='bbox 488 694 665 756; x_wconf 73' lang='lat' dir='ltr'><strong>interfuisse</strong></span> <span class='ocrx_word' id='word_1_34' title='bbox 679 709 730 769; x_wconf 87' lang='lat' dir='ltr'>se,</span> <span class='ocrx_word' id='word_1_35' title='bbox 750 710 814 770; x_wconf 86' lang='lat' dir='ltr'>quo</span> <span class='ocrx_word' id='word_1_36' title='bbox 835 694 969 756; x_wconf 83' lang='lat' dir='ltr'>societas</span> <span class='ocrx_word' id='word_1_37' title='bbox 988 711 1027 756; x_wconf 83' lang='lat' dir='ltr'>aa</span> <span class='ocrx_word' id='word_1_38' title='bbox 1048 697 1172 757; x_wconf 76' lang='lat' dir='ltr'>decreto</span> 
     </span>
     <span class='ocr_line' id='line_1_7' title="bbox 195 777 1170 854; baseline 0.002 -14"><span class='ocrx_word' id='word_1_39' title='bbox 195 786 296 852; x_wconf 81' lang='lat' dir='ltr'>esset,</span> <span class='ocrx_word' id='word_1_40' title='bbox 308 777 459 848; x_wconf 59' lang='lat' dir='ltr'>{coneilim</span> <span class='ocrx_word' id='word_1_41' title='bbox 471 777 544 852; x_wconf 86' lang='lat' dir='ltr'>quis</span> <span class='ocrx_word' id='word_1_42' title='bbox 558 777 748 852; x_wconf 82' lang='lat' dir='ltr'>legatinullo</span> <span class='ocrx_word' id='word_1_43' title='bbox 770 778 800 840; x_wconf 90' lang='lat' dir='ltr'>io</span> <span class='ocrx_word' id='word_1_44' title='bbox 821 779 998 854; x_wconf 77' lang='lat' dir='ltr'>praesentia</span> <span class='ocrx_word' id='word_1_45' title='bbox 1013 794 1170 854; x_wconf 78' lang='lat' dir='ltr'>responso</span> 
     </span>
     <span class='ocr_line' id='line_1_8' title="bbox 190 861 1172 937; baseline 0 -13"><span class='ocrx_word' id='word_1_46' title='bbox 190 862 267 932; x_wconf 76' lang='lat' dir='ltr'>ulmo</span> <span class='ocrx_word' id='word_1_47' title='bbox 280 861 457 926; x_wconf 74' lang='lat' dir='ltr'>fflroloidom</span> <span class='ocrx_word' id='word_1_48' title='bbox 469 861 605 936; x_wconf 81' lang='lat' dir='ltr'>sesequi</span> <span class='ocrx_word' id='word_1_49' title='bbox 617 861 782 922; x_wconf 83' lang='lat' dir='ltr'>iusserunt.</span> <span class='ocrx_word' id='word_1_50' title='bbox 802 861 914 924; x_wconf 81' lang='lat' dir='ltr'>tlrobts</span> <span class='ocrx_word' id='word_1_51' title='bbox 921 877 1036 937; x_wconf 86' lang='lat' dir='ltr'>magna</span> <span class='ocrx_word' id='word_1_52' title='bbox 1047 868 1172 924; x_wconf 83' lang='lat' dir='ltr'>conton-</span> 
     </span>
     <span class='ocr_line' id='line_1_9' title="bbox 187 944 1171 1020; baseline 0.003 -14"><span class='ocrx_word' id='word_1_53' title='bbox 187 945 237 1008; x_wconf 67' lang='lat' dir='ltr'>ztio</span> <span class='ocrx_word' id='word_1_54' title='bbox 252 952 452 1007; x_wconf 69' lang='lat' dir='ltr'>marasmon</span> <span class='ocrx_word' id='word_1_55' title='bbox 463 945 526 1004; x_wconf 81' lang='lat' dir='ltr'>alio</span> <span class='ocrx_word' id='word_1_56' title='bbox 538 945 718 1008; x_wconf 77' lang='lat' dir='ltr'>oentamhre</span> <span class='ocrx_word' id='word_1_57' title='bbox 744 944 877 1006; x_wconf 87' lang='lat' dir='ltr'>comitiis</span> <span class='ocrx_word' id='word_1_58' title='bbox 887 944 1055 1020; x_wconf 69' lang='lat' dir='ltr'>bracariis</span> <span class='ocrx_word' id='word_1_59' title='bbox 1069 945 1171 1009; x_wconf 79' lang='lat' dir='ltr'>Boco-</span> 
     </span>
     <span class='ocr_line' id='line_1_10' title="bbox 189 1026 1171 1104; baseline 0 -14"><span class='ocrx_word' id='word_1_60' title='bbox 189 1035 295 1090; x_wconf 77' lang='lat' dir='ltr'>torum</span> <span class='ocrx_word' id='word_1_61' title='bbox 308 1026 632 1103; x_wconf 75' lang='lat' dir='ltr'>sictonam-iniuriam</span> <span class='ocrx_word' id='word_1_62' title='bbox 642 1042 838 1104; x_wconf 51' lang='lat' dir='ltr'>¹persequens</span> <span class='ocrx_word' id='word_1_63' title='bbox 857 1035 967 1091; x_wconf 77' lang='lat' dir='ltr'>abacto</span> <span class='ocrx_word' id='word_1_64' title='bbox 979 1029 1171 1090; x_wconf 73' lang='lat' dir='ltr'>multitudino</span> 
     </span>
     <span class='ocr_line' id='line_1_11' title="bbox 189 1109 1171 1188; baseline -0.005 -11"><span class='ocrx_word' id='word_1_65' title='bbox 189 1111 351 1177; x_wconf 75' lang='lat' dir='ltr'>‹decretum</span> <span class='ocrx_word' id='word_1_66' title='bbox 364 1109 476 1171; x_wconf 70' lang='lat' dir='ltr'>&#39;silebis</span> <span class='ocrx_word' id='word_1_67' title='bbox 489 1111 576 1186; x_wconf 80' lang='lat' dir='ltr'>iecit,</span> <span class='ocrx_word' id='word_1_68' title='bbox 587 1110 1171 1188; x_wconf 78' lang='lat' dir='ltr'>noBoeotanoliacmbibusreoiporan·</span> 
     </span>
     <span class='ocr_line' id='line_1_12' title="bbox 192 1193 1170 1270; baseline 0.002 -16"><span class='ocrx_word' id='word_1_69' title='bbox 192 1201 253 1260; x_wconf 83' lang='lat' dir='ltr'>tor.</span> <span class='ocrx_word' id='word_1_70' title='bbox 279 1194 406 1256; x_wconf 71' lang='lat' dir='ltr'>emulos</span> <span class='ocrx_word' id='word_1_71' title='bbox 418 1193 967 1270; x_wconf 68' lang='lat' dir='ltr'>rtraeptmnotvanstoonoosscronu</span> <span class='ocrx_word' id='word_1_72' title='bbox 982 1195 1054 1256; x_wconf 85' lang='lat' dir='ltr'>inde</span> <span class='ocrx_word' id='word_1_73' title='bbox 1066 1211 1170 1256; x_wconf 87' lang='lat' dir='ltr'>-re·</span> 
     </span>
     <span class='ocr_line' id='line_1_13' title="bbox 195 1276 1170 1354; baseline 0.001 -15"><span class='ocrx_word' id='word_1_74' title='bbox 195 1279 276 1354; x_wconf 87' lang='lat' dir='ltr'>cepti</span> <span class='ocrx_word' id='word_1_75' title='bbox 290 1277 371 1339; x_wconf 88' lang='lat' dir='ltr'>enim</span> <span class='ocrx_word' id='word_1_76' title='bbox 385 1276 452 1338; x_wconf 84' lang='lat' dir='ltr'>sine</span> <span class='ocrx_word' id='word_1_77' title='bbox 461 1277 659 1340; x_wconf 85' lang='lat' dir='ltr'>.ounototione</span> <span class='ocrx_word' id='word_1_78' title='bbox 669 1284 759 1338; x_wconf 84' lang='lat' dir='ltr'>erunt</span> <span class='ocrx_word' id='word_1_79' title='bbox 768 1309 816 1326; x_wconf 70' lang='lat'>...-</span> <span class='ocrx_word' id='word_1_80' title='bbox 825 1279 948 1340; x_wconf 76' lang='lat' dir='ltr'>&#39;thebas</span> <span class='ocrx_word' id='word_1_81' title='bbox 969 1279 1030 1341; x_wconf 85' lang='lat' dir='ltr'>ianr</span> <span class='ocrx_word' id='word_1_82' title='bbox 1047 1277 1170 1340; x_wconf 68' lang='lat' dir='ltr'>natatis</span> 
     </span>
     <span class='ocr_line' id='line_1_14' title="bbox 195 1361 1171 1438; baseline 0 -16"><span class='ocrx_word' id='word_1_83' title='bbox 195 1361 305 1422; x_wconf 88' lang='lat' dir='ltr'>animis</span> <span class='ocrx_word' id='word_1_84' title='bbox 318 1361 454 1423; x_wconf 83' lang='lat' dir='ltr'>revocati</span> <span class='ocrx_word' id='word_1_85' title='bbox 467 1361 768 1436; x_wconf 78' lang='lat' dir='ltr'>decretumiaciunt,</span> <span class='ocrx_word' id='word_1_86' title='bbox 787 1368 820 1422; x_wconf 90' lang='lat' dir='ltr'>ut</span> <span class='ocrx_word' id='word_1_87' title='bbox 842 1361 1019 1436; x_wconf 81' lang='lat' dir='ltr'>duodecim,</span> <span class='ocrx_word' id='word_1_88' title='bbox 1042 1362 1093 1438; x_wconf 89' lang='lat' dir='ltr'>qui</span> <span class='ocrx_word' id='word_1_89' title='bbox 1109 1361 1171 1436; x_wconf 86' lang='lat' dir='ltr'>pri-</span> 
     </span>
     <span class='ocr_line' id='line_1_15' title="bbox 191 1441 1170 1521; baseline -0.002 -15"><span class='ocrx_word' id='word_1_90' title='bbox 191 1447 390 1510; x_wconf 60' lang='lat' dir='ltr'>causostem</span> <span class='ocrx_word' id='word_1_91' title='bbox 405 1453 436 1506; x_wconf 87' lang='lat' dir='ltr'>et</span> <span class='ocrx_word' id='word_1_92' title='bbox 449 1445 611 1506; x_wconf 66' lang='lat' dir='ltr'>canalium</span> <span class='ocrx_word' id='word_1_93' title='bbox 624 1441 818 1521; x_wconf 79' lang='lat' dir='ltr'>habuissent,</span> <span class='ocrx_word' id='word_1_94' title='bbox 834 1443 950 1506; x_wconf 60' lang='lat' dir='ltr'>»exsilio</span> <span class='ocrx_word' id='word_1_95' title='bbox 958 1446 1170 1506; x_wconf 83' lang='lat' dir='ltr'>multarentur.</span> 
     </span>
     <span class='ocr_line' id='line_1_16' title="bbox 192 1527 1170 1604; baseline -0.001 -14"><span class='ocrx_word' id='word_1_96' title='bbox 192 1529 423 1590; x_wconf 60' lang='lat' dir='ltr'>novusrdoinde</span> <span class='ocrx_word' id='word_1_97' title='bbox 437 1528 777 1604; x_wconf 52' lang='lat' dir='ltr'>promota-lamentor</span> <span class='ocrx_word' id='word_1_98' title='bbox 797 1527 918 1601; x_wconf 78' lang='lat' dir='ltr'>isonat,</span> <span class='ocrx_word' id='word_1_99' title='bbox 940 1529 988 1588; x_wconf 85' lang='lat' dir='ltr'>vir</span> <span class='ocrx_word' id='word_1_100' title='bbox 1006 1527 1170 1589; x_wconf 79' lang='lat' dir='ltr'>nobiliaco</span> 
     </span>
     <span class='ocr_line' id='line_1_17' title="bbox 188 1610 1169 1696; baseline -0.001 -23"><span class='ocrx_word' id='word_1_101' title='bbox 188 1618 305 1696; x_wconf 65' lang='lat' dir='ltr'>spateris</span> <span class='ocrx_word' id='word_1_102' title='bbox 317 1643 362 1664; x_wconf 63' lang='lat'>„-</span> <span class='ocrx_word' id='word_1_103' title='bbox 372 1610 515 1686; x_wconf 45' lang='lat' dir='ltr'>&#39;motulis</span> <span class='ocrx_word' id='word_1_104' title='bbox 530 1626 649 1687; x_wconf 86' lang='lat' dir='ltr'>poenae</span> <span class='ocrx_word' id='word_1_105' title='bbox 663 1611 808 1672; x_wconf 86' lang='lat' dir='ltr'>absentes</span> <span class='ocrx_word' id='word_1_106' title='bbox 824 1610 1020 1672; x_wconf 82' lang='lat' dir='ltr'>eosdeoreto</span> <span class='ocrx_word' id='word_1_107' title='bbox 1036 1611 1169 1676; x_wconf 80' lang='lat' dir='ltr'>damnat</span> 
     </span>
     <span class='ocr_line' id='line_1_18' title="bbox 192 1694 1170 1770; baseline 0.001 -15"><span class='ocrx_word' id='word_1_108' title='bbox 192 1695 369 1756; x_wconf 75' lang='lat' dir='ltr'>iihalddan</span> <span class='ocrx_word' id='word_1_109' title='bbox 384 1695 538 1769; x_wconf 62' lang='lat' dir='ltr'>tegerano</span> <span class='ocrx_word' id='word_1_110' title='bbox 560 1694 691 1754; x_wconf 77' lang='lat' dir='ltr'>indeed</span> <span class='ocrx_word' id='word_1_111' title='bbox 710 1695 868 1756; x_wconf 80' lang='lat' dir='ltr'>Romanos</span> <span class='ocrx_word' id='word_1_112' title='bbox 888 1695 1025 1756; x_wconf 82' lang='lat' dir='ltr'>Larisam</span> <span class='ocrx_word' id='word_1_113' title='bbox 1041 1696 1170 1770; x_wconf 86' lang='lat' dir='ltr'>protecti</span> 
     </span>
     <span class='ocr_line' id='line_1_19' title="bbox 195 1776 1169 1840; baseline -0.004 -2"><span class='ocrx_word' id='word_1_114' title='bbox 195 1793 322 1838; x_wconf 86' lang='lat' dir='ltr'>causam</span> <span class='ocrx_word' id='word_1_115' title='bbox 336 1777 532 1839; x_wconf 64' lang='lat' dir='ltr'>cumdemeo</span> <span class='ocrx_word' id='word_1_116' title='bbox 554 1777 709 1840; x_wconf 80' lang='lat' dir='ltr'>societatis</span> <span class='ocrx_word' id='word_1_117' title='bbox 731 1779 762 1838; x_wconf 93' lang='lat' dir='ltr'>in</span> <span class='ocrx_word' id='word_1_118' title='bbox 784 1776 948 1838; x_wconf 87' lang='lat' dir='ltr'>Ismeniam</span> <span class='ocrx_word' id='word_1_119' title='bbox 962 1779 1169 1840; x_wconf 77' lang='lat' dir='ltr'>contulerant=</span> 
     </span>
     <span class='ocr_line' id='line_1_20' title="bbox 171 1861 1169 1937; baseline 0 -15"><span class='ocrx_word' id='word_1_120' title='bbox 171 1878 173 1881; x_wconf 89' lang='lat'>·</span> <span class='ocrx_word' id='word_1_121' title='bbox 193 1877 234 1922; x_wconf 83' lang='lat' dir='ltr'>ex</span> <span class='ocrx_word' id='word_1_122' title='bbox 247 1861 442 1924; x_wconf 72' lang='lat' dir='ltr'>contuitione</span> <span class='ocrx_word' id='word_1_123' title='bbox 457 1868 554 1923; x_wconf 79' lang='lat' dir='ltr'>ortirm</span> <span class='ocrx_word' id='word_1_124' title='bbox 575 1867 738 1924; x_wconf 71' lang='lat' dir='ltr'>certamen·</span> <span class='ocrx_word' id='word_1_125' title='bbox 761 1862 927 1936; x_wconf 60' lang='lat' dir='ltr'>*utriusque</span> <span class='ocrx_word' id='word_1_126' title='bbox 945 1869 1046 1922; x_wconf 69' lang='lat' dir='ltr'>amen</span> <span class='ocrx_word' id='word_1_127' title='bbox 1066 1862 1169 1937; x_wconf 87' lang='lat' dir='ltr'>-portis</span> 
     </span>
     <span class='ocr_line' id='line_1_21' title="bbox 191 1944 1169 2020; baseline -0.002 -14"><span class='ocrx_word' id='word_1_128' title='bbox 191 1944 509 2019; x_wconf 76' lang='lat' dir='ltr'>legetiadRomanos</span> <span class='ocrx_word' id='word_1_129' title='bbox 529 1951 692 2020; x_wconf 79' lang='lat' dir='ltr'>uenerunt,</span> <span class='ocrx_word' id='word_1_130' title='bbox 711 1947 888 2006; x_wconf 73' lang='lat' dir='ltr'>clausulas</span> <span class='ocrx_word' id='word_1_131' title='bbox 907 1951 1169 2020; x_wconf 77' lang='lat' dir='ltr'>accusatoresque</span> 
     </span>
     <span class='ocr_line' id='line_1_22' title="bbox 192 2027 1168 2104; baseline -0.002 -14"><span class='ocrx_word' id='word_1_132' title='bbox 192 2027 534 2090; x_wconf 81' lang='lat' dir='ltr'>lamentosoolsmentas</span> <span class='ocrx_word' id='word_1_133' title='bbox 545 2028 623 2103; x_wconf 85' lang='lat' dir='ltr'>ipsc.</span> <span class='ocrx_word' id='word_1_134' title='bbox 636 2027 740 2089; x_wconf 73' lang='lat' dir='ltr'>xliv.</span> <span class='ocrx_word' id='word_1_135' title='bbox 754 2027 966 2089; x_wconf 86' lang='lat' dir='ltr'>Chalcidemut</span> <span class='ocrx_word' id='word_1_136' title='bbox 976 2035 1100 2090; x_wconf 82' lang='lat' dir='ltr'>ventum</span> <span class='ocrx_word' id='word_1_137' title='bbox 1110 2035 1168 2104; x_wconf 87' lang='lat' dir='ltr'>est,</span> 
     </span>
     <span class='ocr_line' id='line_1_23' title="bbox 193 2111 1169 2192; baseline 0 -20"><span class='ocrx_word' id='word_1_138' title='bbox 193 2111 320 2192; x_wconf 88' lang='lat' dir='ltr'>aliarum</span> <span class='ocrx_word' id='word_1_139' title='bbox 332 2111 498 2172; x_wconf 82' lang='lat' dir='ltr'>eivitatium</span> <span class='ocrx_word' id='word_1_140' title='bbox 511 2111 679 2188; x_wconf 73' lang='lat' dir='ltr'>principes,</span> <span class='ocrx_word' id='word_1_141' title='bbox 692 2112 724 2173; x_wconf 88' lang='lat' dir='ltr'>id</span> <span class='ocrx_word' id='word_1_142' title='bbox 736 2111 824 2188; x_wconf 85' lang='lat' dir='ltr'>quod</span> <span class='ocrx_word' id='word_1_143' title='bbox 834 2111 1095 2187; x_wconf 74' lang='lat' dir='ltr'>mammogratum</span> <span class='ocrx_word' id='word_1_144' title='bbox 1101 2118 1169 2172; x_wconf 85' lang='lat' dir='ltr'>erat</span> 
     </span>
     <span class='ocr_line' id='line_1_24' title="bbox 193 2192 1167 2271; baseline 0 -17"><span class='ocrx_word' id='word_1_145' title='bbox 193 2192 357 2270; x_wconf 87' lang='lat' dir='ltr'>Romanis,</span> <span class='ocrx_word' id='word_1_146' title='bbox 378 2211 436 2256; x_wconf 89' lang='lat' dir='ltr'>suo</span> <span class='ocrx_word' id='word_1_147' title='bbox 450 2210 573 2271; x_wconf 91' lang='lat' dir='ltr'>quoque</span> <span class='ocrx_word' id='word_1_148' title='bbox 584 2196 710 2270; x_wconf 84' lang='lat' dir='ltr'>proprio</span> <span class='ocrx_word' id='word_1_149' title='bbox 726 2197 842 2257; x_wconf 73' lang='lat' dir='ltr'>decreto</span> <span class='ocrx_word' id='word_1_150' title='bbox 857 2195 1167 2270; x_wconf 67' lang='lat' dir='ltr'>rectori-societatem</span> 
     </span>
     <span class='ocr_line' id='line_1_25' title="bbox 193 2277 1169 2354; baseline 0.002 -18"><span class='ocrx_word' id='word_1_151' title='bbox 193 2279 349 2352; x_wconf 78' lang='lat' dir='ltr'>aspernati</span> <span class='ocrx_word' id='word_1_152' title='bbox 374 2278 521 2339; x_wconf 87' lang='lat' dir='ltr'>Romanis</span> <span class='ocrx_word' id='word_1_153' title='bbox 549 2294 585 2339; x_wconf 87' lang='lat' dir='ltr'>se</span> <span class='ocrx_word' id='word_1_154' title='bbox 612 2278 829 2354; x_wconf 74' lang='lat' dir='ltr'>adiurrgebantz</span> <span class='ocrx_word' id='word_1_155' title='bbox 873 2277 1020 2340; x_wconf 83' lang='lat' dir='ltr'>Ismenius</span> <span class='ocrx_word' id='word_1_156' title='bbox 1047 2285 1169 2354; x_wconf 82' lang='lat' dir='ltr'>gentem</span> 
     </span>
     <span class='ocr_line' id='line_1_26' title="bbox 190 2357 1168 2436; baseline -0.004 -12"><span class='ocrx_word' id='word_1_157' title='bbox 190 2357 377 2424; x_wconf 85' lang='lat' dir='ltr'>Boeotorum</span> <span class='ocrx_word' id='word_1_158' title='bbox 391 2360 422 2421; x_wconf 92' lang='lat' dir='ltr'>in</span> <span class='ocrx_word' id='word_1_159' title='bbox 443 2361 536 2421; x_wconf 88' lang='lat' dir='ltr'>fidem</span> <span class='ocrx_word' id='word_1_160' title='bbox 549 2362 755 2422; x_wconf 86' lang='lat' dir='ltr'>Romanorum</span> <span class='ocrx_word' id='word_1_161' title='bbox 771 2361 900 2436; x_wconf 81' lang='lat' dir='ltr'>pennitti</span> <span class='ocrx_word' id='word_1_162' title='bbox 914 2375 1047 2436; x_wconf 84' lang='lat' dir='ltr'>aequum</span> <span class='ocrx_word' id='word_1_163' title='bbox 1062 2375 1168 2421; x_wconf 86' lang='lat' dir='ltr'>oense·</span> 
     </span>
     <span class='ocr_line' id='line_1_27' title="bbox 190 2441 1170 2520; baseline 0.001 -18"><span class='ocrx_word' id='word_1_164' title='bbox 190 2441 252 2503; x_wconf 90' lang='lat' dir='ltr'>bat.</span> <span class='ocrx_word' id='word_1_165' title='bbox 281 2445 353 2504; x_wconf 87' lang='lat' dir='ltr'>inde</span> <span class='ocrx_word' id='word_1_166' title='bbox 371 2445 536 2509; x_wconf 78' lang='lat' dir='ltr'>certamine</span> <span class='ocrx_word' id='word_1_167' title='bbox 551 2451 633 2518; x_wconf 86' lang='lat' dir='ltr'>orto,</span> <span class='ocrx_word' id='word_1_168' title='bbox 649 2445 708 2504; x_wconf 86' lang='lat' dir='ltr'>nisi</span> <span class='ocrx_word' id='word_1_169' title='bbox 718 2443 755 2504; x_wconf 89' lang='lat' dir='ltr'>in</span> <span class='ocrx_word' id='word_1_170' title='bbox 768 2444 899 2509; x_wconf 85' lang='lat' dir='ltr'>tribunal</span> <span class='ocrx_word' id='word_1_171' title='bbox 914 2445 1084 2520; x_wconf 86' lang='lat' dir='ltr'>legatorum</span> <span class='ocrx_word' id='word_1_172' title='bbox 1099 2459 1170 2520; x_wconf 84' lang='lat' dir='ltr'>per·</span> 
     </span>
     <span class='ocr_line' id='line_1_28' title="bbox 191 2525 1169 2603; baseline 0.001 -18"><span class='ocrx_word' id='word_1_173' title='bbox 191 2525 335 2602; x_wconf 79' lang='lat' dir='ltr'>fugisset,</span> <span class='ocrx_word' id='word_1_174' title='bbox 355 2526 438 2588; x_wconf 89' lang='lat' dir='ltr'>haud</span> <span class='ocrx_word' id='word_1_175' title='bbox 452 2528 583 2588; x_wconf 88' lang='lat' dir='ltr'>multum</span> <span class='ocrx_word' id='word_1_176' title='bbox 603 2528 692 2602; x_wconf 76' lang='lat' dir='ltr'>afuit,</span> <span class='ocrx_word' id='word_1_177' title='bbox 710 2527 782 2603; x_wconf 89' lang='lat' dir='ltr'>quin</span> <span class='ocrx_word' id='word_1_178' title='bbox 805 2527 843 2588; x_wconf 89' lang='lat' dir='ltr'>ab</span> <span class='ocrx_word' id='word_1_179' title='bbox 856 2528 1021 2592; x_wconf 16' lang='lat' dir='ltr'>*axanthos</span> <span class='ocrx_word' id='word_1_180' title='bbox 1043 2528 1169 2588; x_wconf 83' lang='lat' dir='ltr'>lautori-</span> 
     </span>
     <span class='ocr_line' id='line_1_29' title="bbox 190 2608 1168 2690; baseline 0.004 -22"><span class='ocrx_word' id='word_1_181' title='bbox 190 2608 435 2684; x_wconf 66' lang='lat' dir='ltr'>busqueteorum</span> <span class='ocrx_word' id='word_1_182' title='bbox 448 2610 677 2673; x_wconf 82' lang='lat' dir='ltr'>interficeretur.</span> <span class='ocrx_word' id='word_1_183' title='bbox 693 2611 815 2672; x_wconf 74' lang='lat' dir='ltr'>dhebae</span> <span class='ocrx_word' id='word_1_184' title='bbox 831 2627 956 2690; x_wconf 87' lang='lat' dir='ltr'>quoquo</span> <span class='ocrx_word' id='word_1_185' title='bbox 968 2613 1066 2688; x_wconf 86' lang='lat' dir='ltr'>ipsae,</span> <span class='ocrx_word' id='word_1_186' title='bbox 1084 2611 1168 2686; x_wconf 85' lang='lat' dir='ltr'>qood</span> 
     </span>
     <span class='ocr_line' id='line_1_30' title="bbox 189 2693 1168 2774; baseline 0.001 -21"><span class='ocrx_word' id='word_1_187' title='bbox 189 2693 337 2756; x_wconf 80' lang='lat' dir='ltr'>Boeotiae</span> <span class='ocrx_word' id='word_1_188' title='bbox 358 2701 450 2774; x_wconf 87' lang='lat' dir='ltr'>caput</span> <span class='ocrx_word' id='word_1_189' title='bbox 464 2701 526 2768; x_wconf 86' lang='lat' dir='ltr'>est,</span> <span class='ocrx_word' id='word_1_190' title='bbox 542 2695 572 2754; x_wconf 90' lang='lat' dir='ltr'>in</span> <span class='ocrx_word' id='word_1_191' title='bbox 582 2709 697 2771; x_wconf 85' lang='lat' dir='ltr'>magno</span> <span class='ocrx_word' id='word_1_192' title='bbox 712 2702 797 2757; x_wconf 86' lang='lat' dir='ltr'>motu</span> <span class='ocrx_word' id='word_1_193' title='bbox 812 2703 912 2772; x_wconf 87' lang='lat' dir='ltr'>arant,</span> <span class='ocrx_word' id='word_1_194' title='bbox 927 2695 994 2759; x_wconf 83' lang='lat' dir='ltr'>aliis</span> <span class='ocrx_word' id='word_1_195' title='bbox 1010 2696 1050 2756; x_wconf 89' lang='lat' dir='ltr'>ad</span> <span class='ocrx_word' id='word_1_196' title='bbox 1059 2710 1168 2769; x_wconf 83' lang='lat' dir='ltr'>negem</span> 
     </span>
     <span class='ocr_line' id='line_1_31' title="bbox 189 2777 1168 2854; baseline 0 -16"><span class='ocrx_word' id='word_1_197' title='bbox 189 2777 378 2839; x_wconf 81' lang='lat' dir='ltr'>trahentibus</span> <span class='ocrx_word' id='word_1_198' title='bbox 393 2779 560 2854; x_wconf 88' lang='lat' dir='ltr'>civitatem,</span> <span class='ocrx_word' id='word_1_199' title='bbox 581 2778 649 2840; x_wconf 88' lang='lat' dir='ltr'>aliis</span> <span class='ocrx_word' id='word_1_200' title='bbox 669 2781 709 2840; x_wconf 88' lang='lat' dir='ltr'>ad</span> <span class='ocrx_word' id='word_1_201' title='bbox 722 2779 895 2854; x_wconf 83' lang='lat' dir='ltr'>Romanos,</span> <span class='ocrx_word' id='word_1_202' title='bbox 920 2786 952 2839; x_wconf 86' lang='lat' dir='ltr'>et</span> <span class='ocrx_word' id='word_1_203' title='bbox 965 2777 1168 2840; x_wconf 56' lang='lat' dir='ltr'>turbatiore·</span> 
     </span>
     <span class='ocr_line' id='line_1_32' title="bbox 188 2863 1167 2938; baseline 0 -17"><span class='ocrx_word' id='word_1_204' title='bbox 188 2877 335 2923; x_wconf 89' lang='lat' dir='ltr'>naeorom</span> <span class='ocrx_word' id='word_1_205' title='bbox 341 2863 617 2938; x_wconf 75' lang='lat' dir='ltr'>Haliartiorumque</span> <span class='ocrx_word' id='word_1_206' title='bbox 628 2869 815 2924; x_wconf 88' lang='lat' dir='ltr'>convenerat</span> <span class='ocrx_word' id='word_1_207' title='bbox 822 2863 1102 2924; x_wconf 83' lang='lat' dir='ltr'>addelendendum</span> <span class='ocrx_word' id='word_1_208' title='bbox 1114 2863 1167 2922; x_wconf 84' lang='lat' dir='ltr'>de·</span> 
     </span>
     <span class='ocr_line' id='line_1_33' title="bbox 189 2945 1167 3022; baseline 0 -18"><span class='ocrx_word' id='word_1_209' title='bbox 189 2953 304 3008; x_wconf 87' lang='lat' dir='ltr'>oretum</span> <span class='ocrx_word' id='word_1_210' title='bbox 322 2947 428 3022; x_wconf 81' lang='lat' dir='ltr'>regiae</span> <span class='ocrx_word' id='word_1_211' title='bbox 449 2947 614 3008; x_wconf 88' lang='lat' dir='ltr'>societatis.</span> <span class='ocrx_word' id='word_1_212' title='bbox 643 2947 701 3007; x_wconf 86' lang='lat' dir='ltr'>sed</span> <span class='ocrx_word' id='word_1_213' title='bbox 722 2946 893 3008; x_wconf 85' lang='lat' dir='ltr'>constantia</span> <span class='ocrx_word' id='word_1_214' title='bbox 919 2945 1090 3022; x_wconf 83' lang='lat' dir='ltr'>principum</span> <span class='ocrx_word' id='word_1_215' title='bbox 1112 2946 1167 3005; x_wconf 88' lang='lat' dir='ltr'>do·</span> 
     </span>
     <span class='ocr_line' id='line_1_34' title="bbox 190 3029 1166 3112; baseline 0.002 -26"><span class='ocrx_word' id='word_1_216' title='bbox 190 3030 319 3094; x_wconf 86' lang='lat' dir='ltr'>centium</span> <span class='ocrx_word' id='word_1_217' title='bbox 335 3029 475 3090; x_wconf 80' lang='lat' dir='ltr'>cladibus</span> <span class='ocrx_word' id='word_1_218' title='bbox 492 3029 622 3112; x_wconf 83' lang='lat' dir='ltr'>Philippi</span> <span class='ocrx_word' id='word_1_219' title='bbox 646 3031 866 3106; x_wconf 80' lang='lat' dir='ltr'>Antiochique,</span> <span class='ocrx_word' id='word_1_220' title='bbox 884 3036 999 3106; x_wconf 81' lang='lat' dir='ltr'>quanta</span> <span class='ocrx_word' id='word_1_221' title='bbox 1015 3036 1103 3090; x_wconf 79' lang='lat' dir='ltr'>osset</span> <span class='ocrx_word' id='word_1_222' title='bbox 1116 3029 1166 3090; x_wconf 80' lang='lat' dir='ltr'>uis</span> 
     </span>
     <span class='ocr_line' id='line_1_35' title="bbox 190 3111 1167 3188; baseline 0 -18"><span class='ocrx_word' id='word_1_223' title='bbox 190 3111 312 3171; x_wconf 75' lang='lat' dir='ltr'>fortuna</span> <span class='ocrx_word' id='word_1_224' title='bbox 328 3111 449 3188; x_wconf 82' lang='lat' dir='ltr'>imperii</span> <span class='ocrx_word' id='word_1_225' title='bbox 463 3121 493 3174; x_wconf 89' lang='lat' dir='ltr'>ot</span> <span class='ocrx_word' id='word_1_226' title='bbox 512 3113 658 3188; x_wconf 86' lang='lat' dir='ltr'>Romani,</span> <span class='ocrx_word' id='word_1_227' title='bbox 679 3114 762 3175; x_wconf 83' lang='lat' dir='ltr'>victa</span> <span class='ocrx_word' id='word_1_228' title='bbox 772 3115 884 3174; x_wconf 73' lang='lat' dir='ltr'>:eodem</span> <span class='ocrx_word' id='word_1_229' title='bbox 899 3113 1057 3175; x_wconf 87' lang='lat' dir='ltr'>multitudo</span> <span class='ocrx_word' id='word_1_230' title='bbox 1083 3119 1114 3174; x_wconf 85' lang='lat' dir='ltr'>et</span> <span class='ocrx_word' id='word_1_231' title='bbox 1128 3119 1167 3172; x_wconf 81' lang='lat' dir='ltr'>ut</span> 
     </span>
     <span class='ocr_line' id='line_1_36' title="bbox 189 3195 1169 3272; baseline 0 -18"><span class='ocrx_word' id='word_1_232' title='bbox 189 3195 345 3255; x_wconf 84' lang='lat' dir='ltr'>tolleretur</span> <span class='ocrx_word' id='word_1_233' title='bbox 358 3197 444 3270; x_wconf 85' lang='lat' dir='ltr'>regia</span> <span class='ocrx_word' id='word_1_234' title='bbox 458 3197 591 3258; x_wconf 86' lang='lat' dir='ltr'>societas</span> <span class='ocrx_word' id='word_1_235' title='bbox 606 3197 756 3269; x_wconf 83' lang='lat' dir='ltr'>decreuit,</span> <span class='ocrx_word' id='word_1_236' title='bbox 772 3205 871 3258; x_wconf 85' lang='lat' dir='ltr'>eicos</span> <span class='ocrx_word' id='word_1_237' title='bbox 888 3197 939 3272; x_wconf 90' lang='lat' dir='ltr'>qoi</span> <span class='ocrx_word' id='word_1_238' title='bbox 948 3203 1097 3258; x_wconf 89' lang='lat' dir='ltr'>-auotorcs</span> <span class='ocrx_word' id='word_1_239' title='bbox 1107 3210 1169 3270; x_wconf 62' lang='lat' dir='ltr'>*pa-</span> 
     </span>
     <span class='ocr_line' id='line_1_37' title="bbox 188 3277 1166 3354; baseline 0 -16"><span class='ocrx_word' id='word_1_240' title='bbox 188 3277 352 3339; x_wconf 84' lang='lat' dir='ltr'>ciseendae</span> <span class='ocrx_word' id='word_1_241' title='bbox 376 3279 529 3345; x_wconf 80' lang='lat' dir='ltr'>amicitiae</span> <span class='ocrx_word' id='word_1_242' title='bbox 556 3278 674 3341; x_wconf 88' lang='lat' dir='ltr'>luer&#39;ant</span> <span class='ocrx_word' id='word_1_243' title='bbox 706 3281 747 3340; x_wconf 86' lang='lat' dir='ltr'>ad</span> <span class='ocrx_word' id='word_1_244' title='bbox 780 3281 1032 3342; x_wconf 80' lang='lat' dir='ltr'>salisiaciendenr</span> <span class='ocrx_word' id='word_1_245' title='bbox 1051 3279 1166 3354; x_wconf 62' lang='lat' dir='ltr'>‘legatis</span> 
     </span>
     <span class='ocr_line' id='line_1_38' title="bbox 189 3361 1166 3440; baseline 0 -18"><span class='ocrx_word' id='word_1_246' title='bbox 189 3361 363 3423; x_wconf 82' lang='lat' dir='ltr'>chalcidem</span> <span class='ocrx_word' id='word_1_247' title='bbox 377 3363 472 3438; x_wconf 85' lang='lat' dir='ltr'>misit,</span> <span class='ocrx_word' id='word_1_248' title='bbox 493 3364 630 3440; x_wconf 81' lang='lat' dir='ltr'>fideique</span> <span class='ocrx_word' id='word_1_249' title='bbox 650 3365 818 3440; x_wconf 84' lang='lat' dir='ltr'>legatorum</span> <span class='ocrx_word' id='word_1_250' title='bbox 840 3365 1047 3424; x_wconf 81' lang='lat' dir='ltr'>commendari</span> <span class='ocrx_word' id='word_1_251' title='bbox 1060 3362 1166 3422; x_wconf 67' lang='lat' dir='ltr'>cirita</span> 
     </span>
     <span class='ocr_line' id='line_1_39' title="bbox 187 3447 1165 3510; baseline -0.002 -4"><span class='ocrx_word' id='word_1_252' title='bbox 187 3452 248 3506; x_wconf 88' lang='lat' dir='ltr'>tem</span> <span class='ocrx_word' id='word_1_253' title='bbox 261 3447 360 3508; x_wconf 85' lang='lat' dir='ltr'>iussit</span> <span class='ocrx_word' id='word_1_254' title='bbox 387 3447 549 3508; x_wconf 82' lang='lat' dir='ltr'>Thebanos</span> <span class='ocrx_word' id='word_1_255' title='bbox 570 3447 703 3509; x_wconf 86' lang='lat' dir='ltr'>Marcius</span> <span class='ocrx_word' id='word_1_256' title='bbox 726 3456 756 3509; x_wconf 89' lang='lat' dir='ltr'>et</span> <span class='ocrx_word' id='word_1_257' title='bbox 779 3449 889 3510; x_wconf 81' lang='lat' dir='ltr'>Atilius</span> <span class='ocrx_word' id='word_1_258' title='bbox 914 3447 986 3509; x_wconf 86' lang='lat' dir='ltr'>loeti</span> <span class='ocrx_word' id='word_1_259' title='bbox 1005 3448 1165 3508; x_wconf 87' lang='lat' dir='ltr'>audierunt</span> 
     </span>
    </p>
   </div>
   <div class='ocr_carea' id='block_1_3' title="bbox 0 0 1292 3954">
    <p class='ocr_par' dir='ltr' id='par_1_3' title="bbox 0 0 1292 3954">
     <span class='ocr_line' id='line_1_40' title="bbox 0 0 1292 3954; baseline 0 2"><span class='ocrx_word' id='word_1_260' title='bbox 0 0 1292 3954; x_wconf 95' lang='lat' dir='ltr'> </span> 
     </span>
    </p>
   </div>
  </div>
 </body>
</html>
