<?xml version="1.0" encoding="UTF-8"?>
<!DOCTYPE html PUBLIC "-//W3C//DTD XHTML 1.0 Transitional//EN"
    "http://www.w3.org/TR/xhtml1/DTD/xhtml1-transitional.dtd">
<html xmlns="http://www.w3.org/1999/xhtml" xml:lang="en" lang="en">
 <head>
  <title>
</title>
<meta http-equiv="Content-Type" content="text/html;charset=utf-8" />
  <meta name='ocr-system' content='tesseract 3.04.00' />
  <meta name='ocr-capabilities' content='ocr_page ocr_carea ocr_par ocr_line ocrx_word'/>
</head>
<body>
  <div class='ocr_page' id='page_1' title='image "./aburbeconditali09livygoog_0222.png"; bbox 0 0 2574 3954; ppageno 0'>
   <div class='ocr_carea' id='block_1_1' title="bbox 186 144 988 246">
    <p class='ocr_par' dir='ltr' id='par_1_1' title="bbox 186 144 988 246">
     <span class='ocr_line' id='line_1_1' title="bbox 186 144 988 246; baseline -0.015 -4"><span class='ocrx_word' id='word_1_1' title='bbox 186 175 248 241; x_wconf 80' lang='lat' dir='ltr'><strong>rea</strong></span> <span class='ocrx_word' id='word_1_2' title='bbox 350 173 466 236; x_wconf 80' lang='lat' dir='ltr'><strong>omna</strong></span> <span class='ocrx_word' id='word_1_3' title='bbox 479 172 581 234; x_wconf 78' lang='lat' dir='ltr'><strong>xant.</strong></span> <span class='ocrx_word' id='word_1_4' title='bbox 608 144 769 246; x_wconf 63' lang='lat' dir='ltr'><strong>ouans.</strong></span> <span class='ocrx_word' id='word_1_5' title='bbox 796 175 878 244; x_wconf 66' lang='lat' dir='ltr'><strong>[an.</strong></span> <span class='ocrx_word' id='word_1_6' title='bbox 892 173 988 240; x_wconf 67' lang='lat' dir='ltr'><strong>esen]</strong></span> 
     </span>
    </p>
   </div>
   <div class='ocr_carea' id='block_1_2' title="bbox 163 316 1180 3497">
    <p class='ocr_par' dir='ltr' id='par_1_2' title="bbox 163 316 1180 3329">
     <span class='ocr_line' id='line_1_2' title="bbox 188 316 1167 400; baseline -0.013 -10"><span class='ocrx_word' id='word_1_7' title='bbox 188 335 250 390; x_wconf 73' lang='lat' dir='ltr'><strong>est:</strong></span> <span class='ocrx_word' id='word_1_8' title='bbox 280 334 312 388; x_wconf 91' lang='lat' dir='ltr'><strong>et</strong></span> <span class='ocrx_word' id='word_1_9' title='bbox 329 319 417 386; x_wconf 84' lang='lat' dir='ltr'><strong>erant</strong></span> <span class='ocrx_word' id='word_1_10' title='bbox 435 323 488 400; x_wconf 91' lang='lat' dir='ltr'><strong>qui</strong></span> <span class='ocrx_word' id='word_1_11' title='bbox 507 325 626 399; x_wconf 83' lang='lat' dir='ltr'><strong>legatos</strong></span> <span class='ocrx_word' id='word_1_12' title='bbox 646 321 816 394; x_wconf 51' lang='lat' dir='ltr'><strong>mittendos¹</strong></span> <span class='ocrx_word' id='word_1_13' title='bbox 831 319 871 380; x_wconf 86' lang='lat' dir='ltr'><strong>ad</strong></span> <span class='ocrx_word' id='word_1_14' title='bbox 890 333 998 396; x_wconf 84' lang='lat' dir='ltr'><strong>pacem</strong></span> <span class='ocrx_word' id='word_1_15' title='bbox 1019 316 1167 395; x_wconf 86' lang='lat' dir='ltr'><strong>precibus</strong></span> 
     </span>
     <span class='ocr_line' id='line_1_3' title="bbox 188 401 1168 490; baseline -0.011 -17"><span class='ocrx_word' id='word_1_16' title='bbox 188 411 352 490; x_wconf 85' lang='lat' dir='ltr'><strong>petendam</strong></span> <span class='ocrx_word' id='word_1_17' title='bbox 373 413 550 476; x_wconf 75' lang='lat' dir='ltr'><strong>censerent3</strong></span> <span class='ocrx_word' id='word_1_18' title='bbox 579 406 780 481; x_wconf 84' lang='lat' dir='ltr'><strong>civitatesque</strong></span> <span class='ocrx_word' id='word_1_19' title='bbox 801 403 975 480; x_wconf 81' lang='lat' dir='ltr'><strong>complures</strong></span> <span class='ocrx_word' id='word_1_20' title='bbox 997 417 1035 462; x_wconf 92' lang='lat' dir='ltr'><strong>eo</strong></span> <span class='ocrx_word' id='word_1_21' title='bbox 1059 401 1168 462; x_wconf 87' lang='lat' dir='ltr'><strong>nuntio</strong></span> 
     </span>
     <span class='ocr_line' id='line_1_4' title="bbox 189 486 1168 566; baseline -0.012 -9"><span class='ocrx_word' id='word_1_22' title='bbox 189 495 293 557; x_wconf 84' lang='lat' dir='ltr'><strong>andito</strong></span> <span class='ocrx_word' id='word_1_23' title='bbox 310 493 342 554; x_wconf 88' lang='lat' dir='ltr'><strong>in</strong></span> <span class='ocrx_word' id='word_1_24' title='bbox 363 489 548 554; x_wconf 85' lang='lat' dir='ltr'><strong>deditionem</strong></span> <span class='ocrx_word' id='word_1_25' title='bbox 564 497 723 551; x_wconf 77' lang='lat' dir='ltr'><strong>venerunt„</strong></span> <span class='ocrx_word' id='word_1_26' title='bbox 747 489 859 566; x_wconf 89' lang='lat' dir='ltr'><strong>quibus</strong></span> <span class='ocrx_word' id='word_1_27' title='bbox 872 486 1075 564; x_wconf 62' lang='lat' dir='ltr'><strong>purgantibus</strong></span> <span class='ocrx_word' id='word_1_28' title='bbox 1093 499 1168 546; x_wconf 89' lang='lat' dir='ltr'><strong>sese</strong></span> 
     </span>
     <span class='ocr_line' id='line_1_5' title="bbox 189 569 1169 655; baseline -0.012 -15"><span class='ocrx_word' id='word_1_29' title='bbox 189 580 373 655; x_wconf 77' lang='lat' dir='ltr'>culpamque</span> <span class='ocrx_word' id='word_1_30' title='bbox 392 575 424 636; x_wconf 88' lang='lat' dir='ltr'><strong>in</strong></span> <span class='ocrx_word' id='word_1_31' title='bbox 450 573 580 636; x_wconf 87' lang='lat' dir='ltr'><strong>duorum</strong></span> <span class='ocrx_word' id='word_1_32' title='bbox 602 571 763 644; x_wconf 77' lang='lat' dir='ltr'>amentiam</span> <span class='ocrx_word' id='word_1_33' title='bbox 788 570 1031 643; x_wconf 76' lang='lat' dir='ltr'><strong>conserentibus,</strong></span> <span class='ocrx_word' id='word_1_34' title='bbox 1058 569 1111 646; x_wconf 90' lang='lat' dir='ltr'><strong>qni</strong></span> <span class='ocrx_word' id='word_1_35' title='bbox 1131 581 1169 629; x_wconf 84' lang='lat' dir='ltr'><strong>se</strong></span> 
     </span>
     <span class='ocr_line' id='line_1_6' title="bbox 189 653 1170 738; baseline -0.012 -14"><span class='ocrx_word' id='word_1_36' title='bbox 189 665 268 724; x_wconf 90' lang='lat' dir='ltr'><strong>ultro</strong></span> <span class='ocrx_word' id='word_1_37' title='bbox 288 661 328 723; x_wconf 90' lang='lat' dir='ltr'><strong>ad</strong></span> <span class='ocrx_word' id='word_1_38' title='bbox 346 669 478 738; x_wconf 82' lang='lat' dir='ltr'><strong>poenam</strong></span> <span class='ocrx_word' id='word_1_39' title='bbox 498 659 559 734; x_wconf 85' lang='lat' dir='ltr'><strong>ipsi</strong></span> <span class='ocrx_word' id='word_1_40' title='bbox 580 657 776 730; x_wconf 89' lang='lat' dir='ltr'><strong>obtulissent,</strong></span> <span class='ocrx_word' id='word_1_41' title='bbox 798 667 866 716; x_wconf 89' lang='lat' dir='ltr'><strong>cum</strong></span> <span class='ocrx_word' id='word_1_42' title='bbox 888 655 1007 716; x_wconf 88' lang='lat' dir='ltr'><strong>veniam</strong></span> <span class='ocrx_word' id='word_1_43' title='bbox 1029 653 1170 715; x_wconf 87' lang='lat' dir='ltr'><strong>dedisset</strong></span> 
     </span>
     <span class='ocr_line' id='line_1_7' title="bbox 188 735 1169 824; baseline -0.014 -15"><span class='ocrx_word' id='word_1_44' title='bbox 188 752 328 824; x_wconf 87' lang='lat' dir='ltr'><strong>praetor,</strong></span> <span class='ocrx_word' id='word_1_45' title='bbox 353 744 512 820; x_wconf 86' lang='lat' dir='ltr'><strong>proiectus</strong></span> <span class='ocrx_word' id='word_1_46' title='bbox 527 741 680 818; x_wconf 84' lang='lat' dir='ltr'><strong>extempio</strong></span> <span class='ocrx_word' id='word_1_47' title='bbox 694 740 735 802; x_wconf 88' lang='lat' dir='ltr'><strong>ad</strong></span> <span class='ocrx_word' id='word_1_48' title='bbox 750 739 827 801; x_wconf 85' lang='lat' dir='ltr'><strong>alias</strong></span> <span class='ocrx_word' id='word_1_49' title='bbox 842 737 997 810; x_wconf 80' lang='lat' dir='ltr'><strong>civitates,</strong></span> <span class='ocrx_word' id='word_1_50' title='bbox 1024 735 1169 800; x_wconf 88' lang='lat' dir='ltr'><strong>omnibus</strong></span> 
     </span>
     <span class='ocr_line' id='line_1_8' title="bbox 189 819 1171 907; baseline -0.012 -15"><span class='ocrx_word' id='word_1_51' title='bbox 189 831 340 907; x_wconf 83' lang='lat' dir='ltr'><strong>imperata</strong></span> <span class='ocrx_word' id='word_1_52' title='bbox 353 823 534 889; x_wconf 68' lang='lat' dir='ltr'><strong>facientibus</strong></span> <span class='ocrx_word' id='word_1_53' title='bbox 548 825 653 902; x_wconf 87' lang='lat' dir='ltr'><strong>quieto</strong></span> <span class='ocrx_word' id='word_1_54' title='bbox 669 822 806 886; x_wconf 84' lang='lat' dir='ltr'><strong>exercitu</strong></span> <span class='ocrx_word' id='word_1_55' title='bbox 820 827 962 900; x_wconf 84' lang='lat' dir='ltr'><strong>pacnttnn</strong></span> <span class='ocrx_word' id='word_1_56' title='bbox 977 835 1093 897; x_wconf 76' lang='lat' dir='ltr'><strong>agrum,</strong></span> <span class='ocrx_word' id='word_1_57' title='bbox 1115 819 1171 896; x_wconf 86' lang='lat' dir='ltr'><strong>qni</strong></span> 
     </span>
     <span class='ocr_line' id='line_1_9' title="bbox 190 903 1170 991; baseline -0.01 -17"><span class='ocrx_word' id='word_1_58' title='bbox 190 914 284 991; x_wconf 89' lang='lat' dir='ltr'><strong>paulo</strong></span> <span class='ocrx_word' id='word_1_59' title='bbox 300 917 369 972; x_wconf 84' lang='lat' dir='ltr'><strong>anta</strong></span> <span class='ocrx_word' id='word_1_60' title='bbox 382 908 498 986; x_wconf 68' lang='lat' dir='ltr'><strong>ingenti</strong></span> <span class='ocrx_word' id='word_1_61' title='bbox 511 911 640 970; x_wconf 87' lang='lat' dir='ltr'><strong>tumuitn</strong></span> <span class='ocrx_word' id='word_1_62' title='bbox 652 913 780 982; x_wconf 78' lang='lat' dir='ltr'><strong>arserat,</strong></span> <span class='ocrx_word' id='word_1_63' title='bbox 798 906 980 982; x_wconf 68' lang='lat' dir='ltr'><strong>peragravit.</strong></span> <span class='ocrx_word' id='word_1_64' title='bbox 1001 905 1078 966; x_wconf 83' lang='lat' dir='ltr'><strong>haec</strong></span> <span class='ocrx_word' id='word_1_65' title='bbox 1093 903 1170 965; x_wconf 89' lang='lat' dir='ltr'><strong>leni-</strong></span> 
     </span>
     <span class='ocr_line' id='line_1_10' title="bbox 188 986 1170 1073; baseline -0.011 -15"><span class='ocrx_word' id='word_1_66' title='bbox 188 1007 238 1058; x_wconf 86' lang='lat' dir='ltr'><strong>tas</strong></span> <span class='ocrx_word' id='word_1_67' title='bbox 253 995 413 1073; x_wconf 88' lang='lat' dir='ltr'><strong>praetoris,</strong></span> <span class='ocrx_word' id='word_1_68' title='bbox 430 1009 492 1070; x_wconf 86' lang='lat' dir='ltr'><strong>qua</strong></span> <span class='ocrx_word' id='word_1_69' title='bbox 506 991 574 1055; x_wconf 88' lang='lat' dir='ltr'><strong>sine</strong></span> <span class='ocrx_word' id='word_1_70' title='bbox 586 992 736 1068; x_wconf 75' lang='lat' dir='ltr'><strong>sanguine</strong></span> <span class='ocrx_word' id='word_1_71' title='bbox 747 989 969 1051; x_wconf 73' lang='lat' dir='ltr'><strong>tmodssimam</strong></span> <span class='ocrx_word' id='word_1_72' title='bbox 981 994 1102 1064; x_wconf 80' lang='lat' dir='ltr'>gentem</span> <span class='ocrx_word' id='word_1_73' title='bbox 1113 986 1170 1048; x_wconf 87' lang='lat' dir='ltr'><strong>do·</strong></span> 
     </span>
     <span class='ocr_line' id='line_1_11' title="bbox 192 1071 1171 1154; baseline -0.01 -13"><span class='ocrx_word' id='word_1_74' title='bbox 192 1085 325 1150; x_wconf 82' lang='lat' dir='ltr'><strong>moeret,</strong></span> <span class='ocrx_word' id='word_1_75' title='bbox 348 1092 385 1139; x_wconf 89' lang='lat' dir='ltr'><strong>eo</strong></span> <span class='ocrx_word' id='word_1_76' title='bbox 400 1077 515 1154; x_wconf 72' lang='lat' dir='ltr'><strong>gratior</strong></span> <span class='ocrx_word' id='word_1_77' title='bbox 531 1075 615 1152; x_wconf 85' lang='lat' dir='ltr'><strong>piebi</strong></span> <span class='ocrx_word' id='word_1_78' title='bbox 629 1074 831 1152; x_wconf 85' lang='lat' dir='ltr'><strong>patribusque</strong></span> <span class='ocrx_word' id='word_1_79' title='bbox 846 1074 916 1147; x_wconf 84' lang='lat' dir='ltr'><strong>fuit,</strong></span> <span class='ocrx_word' id='word_1_80' title='bbox 938 1087 999 1148; x_wconf 86' lang='lat' dir='ltr'><strong>quo</strong></span> <span class='ocrx_word' id='word_1_81' title='bbox 1015 1071 1171 1138; x_wconf 74' lang='lat' dir='ltr'>crudelius</span> 
     </span>
     <span class='ocr_line' id='line_1_12' title="bbox 191 1154 1172 1236; baseline -0.009 -12"><span class='ocrx_word' id='word_1_82' title='bbox 191 1163 377 1236; x_wconf 85' lang='lat' dir='ltr'><strong>avariusque</strong></span> <span class='ocrx_word' id='word_1_83' title='bbox 397 1159 429 1222; x_wconf 89' lang='lat' dir='ltr'><strong>in</strong></span> <span class='ocrx_word' id='word_1_84' title='bbox 451 1160 579 1221; x_wconf 85' lang='lat' dir='ltr'><strong>Graecia</strong></span> <span class='ocrx_word' id='word_1_85' title='bbox 598 1159 742 1220; x_wconf 86' lang='lat' dir='ltr'><strong>bellatum</strong></span> <span class='ocrx_word' id='word_1_86' title='bbox 763 1165 793 1218; x_wconf 90' lang='lat' dir='ltr'><strong>et</strong></span> <span class='ocrx_word' id='word_1_87' title='bbox 810 1158 851 1220; x_wconf 82' lang='lat' dir='ltr'><strong>ab</strong></span> <span class='ocrx_word' id='word_1_88' title='bbox 866 1157 994 1219; x_wconf 88' lang='lat' dir='ltr'><strong>consule</strong></span> <span class='ocrx_word' id='word_1_89' title='bbox 1005 1154 1124 1216; x_wconf 88' lang='lat' dir='ltr'><strong>Licinio</strong></span> <span class='ocrx_word' id='word_1_90' title='bbox 1137 1161 1172 1216; x_wconf 89' lang='lat' dir='ltr'><strong>et</strong></span> 
     </span>
     <span class='ocr_line' id='line_1_13' title="bbox 192 1237 1170 1321; baseline -0.01 -13"><span class='ocrx_word' id='word_1_91' title='bbox 192 1249 231 1308; x_wconf 86' lang='lat' dir='ltr'><strong>ab</strong></span> <span class='ocrx_word' id='word_1_92' title='bbox 245 1245 385 1307; x_wconf 82' lang='lat' dir='ltr'><strong>Lucretio</strong></span> <span class='ocrx_word' id='word_1_93' title='bbox 407 1251 550 1321; x_wconf 87' lang='lat' dir='ltr'><strong>praetore</strong></span> <span class='ocrx_word' id='word_1_94' title='bbox 569 1249 645 1303; x_wconf 86' lang='lat' dir='ltr'><strong>erat.</strong></span> <span class='ocrx_word' id='word_1_95' title='bbox 671 1243 843 1304; x_wconf 85' lang='lat' dir='ltr'><strong>Lucretium</strong></span> <span class='ocrx_word' id='word_1_96' title='bbox 863 1239 979 1302; x_wconf 88' lang='lat' dir='ltr'><strong>tribuni·</strong></span> <span class='ocrx_word' id='word_1_97' title='bbox 995 1237 1095 1317; x_wconf 89' lang='lat' dir='ltr'><strong>plebis</strong></span> <span class='ocrx_word' id='word_1_98' title='bbox 1116 1238 1170 1300; x_wconf 87' lang='lat' dir='ltr'><strong>ab·</strong></span> 
     </span>
     <span class='ocr_line' id='line_1_14' title="bbox 194 1322 1171 1400; baseline -0.012 -7"><span class='ocrx_word' id='word_1_99' title='bbox 194 1339 311 1393; x_wconf 89' lang='lat' dir='ltr'><strong>sentem</strong></span> <span class='ocrx_word' id='word_1_100' title='bbox 326 1327 520 1392; x_wconf 87' lang='lat' dir='ltr'><strong>contionibus</strong></span> <span class='ocrx_word' id='word_1_101' title='bbox 536 1327 674 1388; x_wconf 85' lang='lat' dir='ltr'><strong>adsiduis</strong></span> <span class='ocrx_word' id='word_1_102' title='bbox 689 1325 872 1398; x_wconf 86' lang='lat' dir='ltr'><strong>lacerabant,</strong></span> <span class='ocrx_word' id='word_1_103' title='bbox 889 1341 959 1386; x_wconf 91' lang='lat' dir='ltr'><strong>cum</strong></span> <span class='ocrx_word' id='word_1_104' title='bbox 972 1322 1171 1400; x_wconf 85' lang='lat' dir='ltr'><strong>reipublicae</strong></span> 
     </span>
     <span class='ocr_line' id='line_1_15' title="bbox 193 1406 1171 1477; baseline -0.012 0"><span class='ocrx_word' id='word_1_105' title='bbox 193 1429 289 1477; x_wconf 86' lang='lat' dir='ltr'><strong>causa</strong></span> <span class='ocrx_word' id='word_1_106' title='bbox 310 1413 423 1474; x_wconf 89' lang='lat' dir='ltr'><strong>abesse</strong></span> <span class='ocrx_word' id='word_1_107' title='bbox 443 1417 658 1473; x_wconf 84' lang='lat' dir='ltr'><strong>excusaretur=</strong></span> <span class='ocrx_word' id='word_1_108' title='bbox 690 1409 749 1470; x_wconf 87' lang='lat' dir='ltr'><strong>aed</strong></span> <span class='ocrx_word' id='word_1_109' title='bbox 773 1415 836 1470; x_wconf 88' lang='lat' dir='ltr'><strong>tum</strong></span> <span class='ocrx_word' id='word_1_110' title='bbox 856 1409 935 1470; x_wconf 89' lang='lat' dir='ltr'><strong>adeo</strong></span> <span class='ocrx_word' id='word_1_111' title='bbox 956 1407 1059 1469; x_wconf 85' lang='lat' dir='ltr'><strong>vicina</strong></span> <span class='ocrx_word' id='word_1_112' title='bbox 1079 1406 1171 1467; x_wconf 87' lang='lat' dir='ltr'><strong>etiam</strong></span> 
     </span>
     <span class='ocr_line' id='line_1_16' title="bbox 193 1489 1173 1574; baseline -0.01 -15"><span class='ocrx_word' id='word_1_113' title='bbox 193 1499 384 1574; x_wconf 86' lang='lat' dir='ltr'><strong>inexplorata</strong></span> <span class='ocrx_word' id='word_1_114' title='bbox 406 1500 506 1570; x_wconf 86' lang='lat' dir='ltr'><strong>erant,</strong></span> <span class='ocrx_word' id='word_1_115' title='bbox 529 1501 562 1555; x_wconf 91' lang='lat' dir='ltr'><strong>ut</strong></span> <span class='ocrx_word' id='word_1_116' title='bbox 582 1495 609 1554; x_wconf 89' lang='lat' dir='ltr'><strong>is</strong></span> <span class='ocrx_word' id='word_1_117' title='bbox 628 1509 667 1555; x_wconf 89' lang='lat' dir='ltr'><strong>eo</strong></span> <span class='ocrx_word' id='word_1_118' title='bbox 687 1500 825 1569; x_wconf 87' lang='lat' dir='ltr'><strong>ternpore</strong></span> <span class='ocrx_word' id='word_1_119' title='bbox 846 1493 877 1552; x_wconf 90' lang='lat' dir='ltr'><strong>in</strong></span> <span class='ocrx_word' id='word_1_120' title='bbox 892 1507 967 1566; x_wconf 78' lang='lat' dir='ltr'><strong>agro</strong></span> <span class='ocrx_word' id='word_1_121' title='bbox 981 1507 1040 1553; x_wconf 89' lang='lat' dir='ltr'><strong>suo</strong></span> <span class='ocrx_word' id='word_1_122' title='bbox 1058 1489 1173 1550; x_wconf 84' lang='lat' dir='ltr'><strong>Antiati</strong></span> 
     </span>
     <span class='ocr_line' id='line_1_17' title="bbox 194 1573 1173 1655; baseline -0.008 -13"><span class='ocrx_word' id='word_1_123' title='bbox 194 1587 292 1655; x_wconf 86' lang='lat' dir='ltr'><strong>esset,</strong></span> <span class='ocrx_word' id='word_1_124' title='bbox 313 1593 488 1655; x_wconf 78' lang='lat' dir='ltr'><strong>aquamque</strong></span> <span class='ocrx_word' id='word_1_125' title='bbox 508 1593 547 1638; x_wconf 86' lang='lat' dir='ltr'><strong>ex</strong></span> <span class='ocrx_word' id='word_1_126' title='bbox 568 1577 719 1639; x_wconf 89' lang='lat' dir='ltr'><strong>manubiis</strong></span> <span class='ocrx_word' id='word_1_127' title='bbox 738 1578 863 1638; x_wconf 86' lang='lat' dir='ltr'><strong>Antium</strong></span> <span class='ocrx_word' id='word_1_128' title='bbox 883 1591 923 1636; x_wconf 87' lang='lat' dir='ltr'><strong>ex</strong></span> <span class='ocrx_word' id='word_1_129' title='bbox 937 1575 1062 1636; x_wconf 86' lang='lat' dir='ltr'><strong>flumine</strong></span> <span class='ocrx_word' id='word_1_130' title='bbox 1077 1573 1173 1636; x_wconf 87' lang='lat' dir='ltr'><strong>Lora·</strong></span> 
     </span>
     <span class='ocr_line' id='line_1_18' title="bbox 195 1657 1172 1736; baseline -0.007 -11"><span class='ocrx_word' id='word_1_131' title='bbox 195 1664 282 1726; x_wconf 86' lang='lat' dir='ltr'><strong>cinae</strong></span> <span class='ocrx_word' id='word_1_132' title='bbox 304 1664 438 1724; x_wconf 87' lang='lat' dir='ltr'><strong>duceret.</strong></span> <span class='ocrx_word' id='word_1_133' title='bbox 466 1661 499 1722; x_wconf 89' lang='lat' dir='ltr'><strong>id</strong></span> <span class='ocrx_word' id='word_1_134' title='bbox 520 1677 600 1736; x_wconf 89' lang='lat' dir='ltr'><strong>opus</strong></span> <span class='ocrx_word' id='word_1_135' title='bbox 621 1667 742 1722; x_wconf 89' lang='lat' dir='ltr'><strong>centum</strong></span> <span class='ocrx_word' id='word_1_136' title='bbox 761 1661 882 1736; x_wconf 81' lang='lat' dir='ltr'><strong>triginta</strong></span> <span class='ocrx_word' id='word_1_137' title='bbox 895 1659 1017 1720; x_wconf 88' lang='lat' dir='ltr'><strong>mitibus</strong></span> <span class='ocrx_word' id='word_1_138' title='bbox 1032 1657 1112 1720; x_wconf 88' lang='lat' dir='ltr'><strong>aeris</strong></span> <span class='ocrx_word' id='word_1_139' title='bbox 1127 1659 1172 1719; x_wconf 83' lang='lat' dir='ltr'><strong>lo·</strong></span> 
     </span>
     <span class='ocr_line' id='line_1_19' title="bbox 194 1743 1173 1820; baseline -0.007 -11"><span class='ocrx_word' id='word_1_140' title='bbox 194 1757 285 1809; x_wconf 86' lang='lat' dir='ltr'><strong>casse</strong></span> <span class='ocrx_word' id='word_1_141' title='bbox 308 1746 433 1806; x_wconf 69' lang='lat' dir='ltr'><strong>dicitnrr</strong></span> <span class='ocrx_word' id='word_1_142' title='bbox 462 1744 574 1806; x_wconf 84' lang='lat' dir='ltr'><strong>tabulis</strong></span> <span class='ocrx_word' id='word_1_143' title='bbox 601 1759 727 1820; x_wconf 90' lang='lat' dir='ltr'><strong>quoque</strong></span> <span class='ocrx_word' id='word_1_144' title='bbox 751 1743 841 1820; x_wconf 90' lang='lat' dir='ltr'><strong>pictis</strong></span> <span class='ocrx_word' id='word_1_145' title='bbox 866 1759 906 1804; x_wconf 87' lang='lat' dir='ltr'><strong>ex</strong></span> <span class='ocrx_word' id='word_1_146' title='bbox 926 1743 1043 1820; x_wconf 87' lang='lat' dir='ltr'><strong>praeda</strong></span> <span class='ocrx_word' id='word_1_147' title='bbox 1067 1743 1173 1803; x_wconf 86' lang='lat' dir='ltr'><strong>sanum</strong></span> 
     </span>
     <span class='ocr_line' id='line_1_20' title="bbox 163 1826 1173 1906; baseline -0.006 -13"><span class='ocrx_word' id='word_1_148' title='bbox 163 1861 165 1864; x_wconf 31' lang='lat' dir='ltr'>v</span> <span class='ocrx_word' id='word_1_149' title='bbox 195 1829 371 1906; x_wconf 82' lang='lat' dir='ltr'><strong>Aesculapii</strong></span> <span class='ocrx_word' id='word_1_150' title='bbox 393 1829 561 1891; x_wconf 86' lang='lat' dir='ltr'><strong>exornavit.</strong></span> <span class='ocrx_word' id='word_1_151' title='bbox 582 1827 727 1889; x_wconf 83' lang='lat' dir='ltr'><strong>inuidiam</strong></span> <span class='ocrx_word' id='word_1_152' title='bbox 740 1827 957 1904; x_wconf 76' lang='lat' dir='ltr'><strong>infamiamque</strong></span> <span class='ocrx_word' id='word_1_153' title='bbox 972 1828 1011 1888; x_wconf 87' lang='lat' dir='ltr'><strong>ab</strong></span> <span class='ocrx_word' id='word_1_154' title='bbox 1030 1826 1173 1888; x_wconf 87' lang='lat' dir='ltr'><strong>Lucretio</strong></span> 
     </span>
     <span class='ocr_line' id='line_1_21' title="bbox 194 1909 1174 1975; baseline -0.005 0"><span class='ocrx_word' id='word_1_155' title='bbox 194 1918 370 1975; x_wconf 86' lang='lat' dir='ltr'><strong>averterunt</strong></span> <span class='ocrx_word' id='word_1_156' title='bbox 391 1913 423 1972; x_wconf 89' lang='lat' dir='ltr'><strong>in</strong></span> <span class='ocrx_word' id='word_1_157' title='bbox 448 1912 643 1975; x_wconf 84' lang='lat' dir='ltr'><strong>Hortensium</strong></span> <span class='ocrx_word' id='word_1_158' title='bbox 669 1925 883 1973; x_wconf 86' lang='lat' dir='ltr'><strong>successorem</strong></span> <span class='ocrx_word' id='word_1_159' title='bbox 914 1911 981 1972; x_wconf 88' lang='lat' dir='ltr'><strong>eius</strong></span> <span class='ocrx_word' id='word_1_160' title='bbox 1006 1909 1174 1972; x_wconf 71' lang='lat' dir='ltr'><strong>Abderitae</strong></span> 
     </span>
     <span class='ocr_line' id='line_1_22' title="bbox 194 1994 1174 2074; baseline -0.004 -16"><span class='ocrx_word' id='word_1_161' title='bbox 194 1998 300 2074; x_wconf 83' lang='lat' dir='ltr'><strong>legati,</strong></span> <span class='ocrx_word' id='word_1_162' title='bbox 326 1995 436 2057; x_wconf 84' lang='lat' dir='ltr'><strong>flentes</strong></span> <span class='ocrx_word' id='word_1_163' title='bbox 457 1997 655 2057; x_wconf 78' lang='lat' dir='ltr'><strong>anteceniam</strong></span> <span class='ocrx_word' id='word_1_164' title='bbox 671 2001 897 2072; x_wconf 82' lang='lat' dir='ltr'><strong>querentesque</strong></span> <span class='ocrx_word' id='word_1_165' title='bbox 919 1994 1068 2071; x_wconf 89' lang='lat' dir='ltr'><strong>oppidum</strong></span> <span class='ocrx_word' id='word_1_166' title='bbox 1082 2009 1174 2055; x_wconf 82' lang='lat' dir='ltr'><strong>suum</strong></span> 
     </span>
     <span class='ocr_line' id='line_1_23' title="bbox 196 2080 1174 2156; baseline -0.006 -14"><span class='ocrx_word' id='word_1_167' title='bbox 196 2081 233 2142; x_wconf 90' lang='lat' dir='ltr'><strong>ab</strong></span> <span class='ocrx_word' id='word_1_168' title='bbox 248 2081 413 2142; x_wconf 86' lang='lat' dir='ltr'><strong>Hortensio</strong></span> <span class='ocrx_word' id='word_1_169' title='bbox 429 2089 637 2156; x_wconf 76' lang='lat' dir='ltr'><strong>expugnatum</strong></span> <span class='ocrx_word' id='word_1_170' title='bbox 652 2095 689 2141; x_wconf 86' lang='lat' dir='ltr'><strong>ac</strong></span> <span class='ocrx_word' id='word_1_171' title='bbox 704 2080 857 2156; x_wconf 85' lang='lat' dir='ltr'><strong>direptum</strong></span> <span class='ocrx_word' id='word_1_172' title='bbox 871 2092 959 2140; x_wconf 77' lang='lat' dir='ltr'><strong>esser</strong></span> <span class='ocrx_word' id='word_1_173' title='bbox 978 2093 1103 2141; x_wconf 84' lang='lat' dir='ltr'><strong>causam</strong></span> <span class='ocrx_word' id='word_1_174' title='bbox 1119 2089 1174 2138; x_wconf 80' lang='lat' dir='ltr'><strong>ex-</strong></span> 
     </span>
     <span class='ocr_line' id='line_1_24' title="bbox 196 2161 1174 2247; baseline -0.005 -21"><span class='ocrx_word' id='word_1_175' title='bbox 196 2165 265 2226; x_wconf 89' lang='lat' dir='ltr'><strong>cidii</strong></span> <span class='ocrx_word' id='word_1_176' title='bbox 280 2164 377 2226; x_wconf 83' lang='lat' dir='ltr'><strong>tmsse</strong></span> <span class='ocrx_word' id='word_1_177' title='bbox 393 2163 471 2240; x_wconf 87' lang='lat' dir='ltr'><strong>urbi,</strong></span> <span class='ocrx_word' id='word_1_178' title='bbox 487 2164 572 2240; x_wconf 90' lang='lat' dir='ltr'><strong>quod</strong></span> <span class='ocrx_word' id='word_1_179' title='bbox 587 2179 655 2226; x_wconf 87' lang='lat' dir='ltr'><strong>cum</strong></span> <span class='ocrx_word' id='word_1_180' title='bbox 674 2169 794 2226; x_wconf 85' lang='lat' dir='ltr'><strong>eentum</strong></span> <span class='ocrx_word' id='word_1_181' title='bbox 805 2162 888 2224; x_wconf 86' lang='lat' dir='ltr'><strong>mitia</strong></span> <span class='ocrx_word' id='word_1_182' title='bbox 901 2163 1061 2247; x_wconf 82' lang='lat' dir='ltr'><strong>denarium</strong></span> <span class='ocrx_word' id='word_1_183' title='bbox 1071 2169 1105 2222; x_wconf 86' lang='lat' dir='ltr'><strong>et</strong></span> <span class='ocrx_word' id='word_1_184' title='bbox 1121 2161 1174 2224; x_wconf 78' lang='lat' dir='ltr'><strong>tri-</strong></span> 
     </span>
     <span class='ocr_line' id='line_1_25' title="bbox 194 2245 1174 2326; baseline -0.004 -17"><span class='ocrx_word' id='word_1_185' title='bbox 194 2249 245 2310; x_wconf 86' lang='lat' dir='ltr'><strong>tici</strong></span> <span class='ocrx_word' id='word_1_186' title='bbox 261 2249 480 2326; x_wconf 80' lang='lat' dir='ltr'><strong>quinquaginta</strong></span> <span class='ocrx_word' id='word_1_187' title='bbox 493 2246 576 2309; x_wconf 88' lang='lat' dir='ltr'><strong>milia</strong></span> <span class='ocrx_word' id='word_1_188' title='bbox 589 2247 722 2309; x_wconf 88' lang='lat' dir='ltr'><strong>modium</strong></span> <span class='ocrx_word' id='word_1_189' title='bbox 738 2249 909 2325; x_wconf 80' lang='lat' dir='ltr'><strong>imperaret,</strong></span> <span class='ocrx_word' id='word_1_190' title='bbox 930 2247 1063 2323; x_wconf 87' lang='lat' dir='ltr'><strong>spatium</strong></span> <span class='ocrx_word' id='word_1_191' title='bbox 1077 2245 1174 2321; x_wconf 58' lang='lat' dir='ltr'><strong>‘petie-</strong></span> 
     </span>
     <span class='ocr_line' id='line_1_26' title="bbox 194 2331 1176 2408; baseline -0.002 -16"><span class='ocrx_word' id='word_1_192' title='bbox 194 2333 266 2408; x_wconf 86' lang='lat' dir='ltr'><strong>rint‚</strong></span> <span class='ocrx_word' id='word_1_193' title='bbox 293 2345 355 2408; x_wconf 93' lang='lat' dir='ltr'><strong>quo</strong></span> <span class='ocrx_word' id='word_1_194' title='bbox 377 2333 416 2392; x_wconf 89' lang='lat' dir='ltr'><strong>de</strong></span> <span class='ocrx_word' id='word_1_195' title='bbox 437 2348 475 2392; x_wconf 90' lang='lat' dir='ltr'><strong>ea</strong></span> <span class='ocrx_word' id='word_1_196' title='bbox 495 2347 531 2393; x_wconf 90' lang='lat' dir='ltr'><strong>re</strong></span> <span class='ocrx_word' id='word_1_197' title='bbox 550 2338 581 2393; x_wconf 89' lang='lat' dir='ltr'><strong>et</strong></span> <span class='ocrx_word' id='word_1_198' title='bbox 601 2331 641 2392; x_wconf 89' lang='lat' dir='ltr'><strong>ad</strong></span> <span class='ocrx_word' id='word_1_199' title='bbox 654 2331 816 2392; x_wconf 91' lang='lat' dir='ltr'><strong>Hostilium</strong></span> <span class='ocrx_word' id='word_1_200' title='bbox 830 2332 989 2392; x_wconf 88' lang='lat' dir='ltr'><strong>consulem</strong></span> <span class='ocrx_word' id='word_1_201' title='bbox 1002 2338 1033 2392; x_wconf 86' lang='lat' dir='ltr'><strong>et</strong></span> <span class='ocrx_word' id='word_1_202' title='bbox 1045 2331 1176 2392; x_wconf 86' lang='lat' dir='ltr'><strong>Romam</strong></span> 
     </span>
     <span class='ocr_line' id='line_1_27' title="bbox 194 2411 1180 2492; baseline -0.003 -16"><span class='ocrx_word' id='word_1_203' title='bbox 194 2416 348 2476; x_wconf 88' lang='lat' dir='ltr'><strong>mitterent</strong></span> <span class='ocrx_word' id='word_1_204' title='bbox 361 2415 491 2490; x_wconf 81' lang='lat' dir='ltr'><strong>legatos.</strong></span> <span class='ocrx_word' id='word_1_205' title='bbox 513 2414 641 2476; x_wconf 83' lang='lat' dir='ltr'><strong>vixdum</strong></span> <span class='ocrx_word' id='word_1_206' title='bbox 657 2415 698 2474; x_wconf 93' lang='lat' dir='ltr'><strong>ad</strong></span> <span class='ocrx_word' id='word_1_207' title='bbox 713 2416 870 2476; x_wconf 87' lang='lat' dir='ltr'><strong>consulem</strong></span> <span class='ocrx_word' id='word_1_208' title='bbox 884 2430 920 2477; x_wconf 87' lang='lat' dir='ltr'><strong>se</strong></span> <span class='ocrx_word' id='word_1_209' title='bbox 936 2411 1127 2492; x_wconf 83' lang='lat' dir='ltr'><strong>pervenisse,</strong></span> <span class='ocrx_word' id='word_1_210' title='bbox 1144 2419 1180 2474; x_wconf 89' lang='lat' dir='ltr'><strong>et</strong></span> 
     </span>
     <span class='ocr_line' id='line_1_28' title="bbox 195 2496 1175 2576; baseline -0.001 -17"><span class='ocrx_word' id='word_1_211' title='bbox 195 2499 320 2559; x_wconf 88' lang='lat' dir='ltr'><strong>audisse</strong></span> <span class='ocrx_word' id='word_1_212' title='bbox 332 2497 481 2576; x_wconf 84' lang='lat' dir='ltr'><strong>oppidum</strong></span> <span class='ocrx_word' id='word_1_213' title='bbox 493 2505 709 2574; x_wconf 69' lang='lat' dir='ltr'><strong>expungnatam,</strong></span> <span class='ocrx_word' id='word_1_214' title='bbox 721 2497 878 2575; x_wconf 90' lang='lat' dir='ltr'><strong>principes</strong></span> <span class='ocrx_word' id='word_1_215' title='bbox 887 2496 988 2561; x_wconf 80' lang='lat' dir='ltr'><strong>securi</strong></span> <span class='ocrx_word' id='word_1_216' title='bbox 995 2509 1175 2575; x_wconf 88' lang='lat' dir='ltr'><strong>percussos,</strong></span> 
     </span>
     <span class='ocr_line' id='line_1_29' title="bbox 196 2579 1173 2662; baseline -0.002 -20"><span class='ocrx_word' id='word_1_217' title='bbox 196 2582 254 2642; x_wconf 88' lang='lat' dir='ltr'><strong>snb</strong></span> <span class='ocrx_word' id='word_1_218' title='bbox 270 2595 386 2662; x_wconf 87' lang='lat' dir='ltr'><strong>corona</strong></span> <span class='ocrx_word' id='word_1_219' title='bbox 397 2587 521 2643; x_wconf 86' lang='lat' dir='ltr'><strong>ceteros</strong></span> <span class='ocrx_word' id='word_1_220' title='bbox 535 2581 670 2643; x_wconf 82' lang='lat' dir='ltr'><strong>venisse.</strong></span> <span class='ocrx_word' id='word_1_221' title='bbox 689 2581 815 2658; x_wconf 76' lang='lat' dir='ltr'><strong>indigna</strong></span> <span class='ocrx_word' id='word_1_222' title='bbox 828 2598 879 2643; x_wconf 89' lang='lat' dir='ltr'><strong>res</strong></span> <span class='ocrx_word' id='word_1_223' title='bbox 894 2582 1013 2644; x_wconf 85' lang='lat' dir='ltr'><strong>senatui</strong></span> <span class='ocrx_word' id='word_1_224' title='bbox 1028 2579 1106 2659; x_wconf 83' lang='lat' dir='ltr'><strong>visu,</strong></span> <span class='ocrx_word' id='word_1_225' title='bbox 1120 2580 1173 2642; x_wconf 90' lang='lat' dir='ltr'><strong>de·</strong></span> 
     </span>
     <span class='ocr_line' id='line_1_30' title="bbox 195 2662 1176 2742; baseline -0.001 -16"><span class='ocrx_word' id='word_1_226' title='bbox 195 2673 418 2742; x_wconf 77' lang='lat' dir='ltr'><strong>creveruntque</strong></span> <span class='ocrx_word' id='word_1_227' title='bbox 445 2666 554 2726; x_wconf 84' lang='lat' dir='ltr'><strong>uadem</strong></span> <span class='ocrx_word' id='word_1_228' title='bbox 581 2665 621 2727; x_wconf 90' lang='lat' dir='ltr'><strong>de</strong></span> <span class='ocrx_word' id='word_1_229' title='bbox 640 2666 812 2742; x_wconf 73' lang='lat' dir='ltr'><strong>Abderitis,</strong></span> <span class='ocrx_word' id='word_1_230' title='bbox 840 2681 920 2742; x_wconf 86' lang='lat' dir='ltr'><strong>qnae</strong></span> <span class='ocrx_word' id='word_1_231' title='bbox 944 2666 983 2726; x_wconf 90' lang='lat' dir='ltr'><strong>de</strong></span> <span class='ocrx_word' id='word_1_232' title='bbox 1006 2662 1176 2726; x_wconf 79' lang='lat' dir='ltr'><strong>Coronaeis</strong></span> 
     </span>
     <span class='ocr_line' id='line_1_31' title="bbox 195 2748 1178 2827; baseline 0.003 -18"><span class='ocrx_word' id='word_1_233' title='bbox 195 2748 396 2811; x_wconf 82' lang='lat' dir='ltr'><strong>decreverant</strong></span> <span class='ocrx_word' id='word_1_234' title='bbox 407 2750 513 2826; x_wconf 82' lang='lat' dir='ltr'><strong>priore</strong></span> <span class='ocrx_word' id='word_1_235' title='bbox 525 2765 624 2822; x_wconf 82' lang='lat' dir='ltr'><strong>anno;</strong></span> <span class='ocrx_word' id='word_1_236' title='bbox 641 2751 814 2827; x_wconf 85' lang='lat' dir='ltr'><strong>eademque</strong></span> <span class='ocrx_word' id='word_1_237' title='bbox 828 2767 885 2826; x_wconf 91' lang='lat' dir='ltr'><strong>pro</strong></span> <span class='ocrx_word' id='word_1_238' title='bbox 897 2749 1039 2811; x_wconf 90' lang='lat' dir='ltr'><strong>contione</strong></span> <span class='ocrx_word' id='word_1_239' title='bbox 1051 2748 1178 2812; x_wconf 81' lang='lat' dir='ltr'><strong>edicere</strong></span> 
     </span>
     <span class='ocr_line' id='line_1_32' title="bbox 195 2830 1175 2910; baseline 0 -18"><span class='ocrx_word' id='word_1_240' title='bbox 195 2831 228 2908; x_wconf 78' lang='lat' dir='ltr'><strong>Q.</strong></span> <span class='ocrx_word' id='word_1_241' title='bbox 243 2831 397 2896; x_wconf 85' lang='lat' dir='ltr'><strong>Maenium</strong></span> <span class='ocrx_word' id='word_1_242' title='bbox 412 2841 584 2910; x_wconf 68' lang='lat' dir='ltr'><strong>praetorem</strong></span> <span class='ocrx_word' id='word_1_243' title='bbox 599 2835 763 2896; x_wconf 82' lang='lat' dir='ltr'><strong>iusserunt.</strong></span> <span class='ocrx_word' id='word_1_244' title='bbox 786 2839 817 2896; x_wconf 85' lang='lat' dir='ltr'><strong>et</strong></span> <span class='ocrx_word' id='word_1_245' title='bbox 829 2834 922 2910; x_wconf 75' lang='lat' dir='ltr'><strong>legati</strong></span> <span class='ocrx_word' id='word_1_246' title='bbox 936 2834 1015 2908; x_wconf 88' lang='lat' dir='ltr'><strong>dno,</strong></span> <span class='ocrx_word' id='word_1_247' title='bbox 1037 2831 1069 2894; x_wconf 82' lang='lat' dir='ltr'><strong>c.</strong></span> <span class='ocrx_word' id='word_1_248' title='bbox 1086 2830 1175 2894; x_wconf 85' lang='lat' dir='ltr'><strong>Sem·</strong></span> 
     </span>
     <span class='ocr_line' id='line_1_33' title="bbox 195 2916 1175 2992; baseline -0.004 -10"><span class='ocrx_word' id='word_1_249' title='bbox 195 2917 322 2992; x_wconf 82' lang='lat' dir='ltr'><strong>pronius</strong></span> <span class='ocrx_word' id='word_1_250' title='bbox 343 2918 475 2980; x_wconf 77' lang='lat' dir='ltr'><strong>limosus</strong></span> <span class='ocrx_word' id='word_1_251' title='bbox 498 2917 571 2980; x_wconf 77' lang='lat' dir='ltr'><strong>Sex.</strong></span> <span class='ocrx_word' id='word_1_252' title='bbox 593 2919 689 2980; x_wconf 86' lang='lat' dir='ltr'><strong>lulius</strong></span> <span class='ocrx_word' id='word_1_253' title='bbox 708 2919 838 2991; x_wconf 74' lang='lat' dir='ltr'><strong>caesar,</strong></span> <span class='ocrx_word' id='word_1_254' title='bbox 859 2917 901 2977; x_wconf 84' lang='lat' dir='ltr'><strong>ad</strong></span> <span class='ocrx_word' id='word_1_255' title='bbox 920 2916 1129 2978; x_wconf 85' lang='lat' dir='ltr'><strong>restituendos</strong></span> <span class='ocrx_word' id='word_1_256' title='bbox 1142 2917 1175 2978; x_wconf 90' lang='lat' dir='ltr'><strong>in</strong></span> 
     </span>
     <span class='ocr_line' id='line_1_34' title="bbox 193 2999 1175 3076; baseline 0.003 -17"><span class='ocrx_word' id='word_1_257' title='bbox 193 2999 362 3061; x_wconf 81' lang='lat' dir='ltr'><strong>libertatem</strong></span> <span class='ocrx_word' id='word_1_258' title='bbox 383 2999 548 3062; x_wconf 82' lang='lat' dir='ltr'><strong>Abderitas</strong></span> <span class='ocrx_word' id='word_1_259' title='bbox 568 3001 664 3063; x_wconf 85' lang='lat' dir='ltr'><strong>missi.</strong></span> <span class='ocrx_word' id='word_1_260' title='bbox 693 3001 803 3063; x_wconf 87' lang='lat' dir='ltr'><strong>iisdem</strong></span> <span class='ocrx_word' id='word_1_261' title='bbox 814 3000 1001 3076; x_wconf 86' lang='lat' dir='ltr'><strong>mandatnm,</strong></span> <span class='ocrx_word' id='word_1_262' title='bbox 1020 3007 1054 3062; x_wconf 88' lang='lat' dir='ltr'><strong>nt</strong></span> <span class='ocrx_word' id='word_1_263' title='bbox 1068 3000 1175 3062; x_wconf 79' lang='lat' dir='ltr'><strong>etilo·</strong></span> 
     </span>
     <span class='ocr_line' id='line_1_35' title="bbox 194 3081 1175 3161; baseline 0.004 -19"><span class='ocrx_word' id='word_1_264' title='bbox 194 3083 275 3144; x_wconf 87' lang='lat' dir='ltr'><strong>stilio</strong></span> <span class='ocrx_word' id='word_1_265' title='bbox 296 3082 415 3145; x_wconf 88' lang='lat' dir='ltr'><strong>consuti</strong></span> <span class='ocrx_word' id='word_1_266' title='bbox 437 3093 468 3146; x_wconf 90' lang='lat' dir='ltr'><strong>et</strong></span> <span class='ocrx_word' id='word_1_267' title='bbox 486 3085 650 3147; x_wconf 87' lang='lat' dir='ltr'><strong>Hortensio</strong></span> <span class='ocrx_word' id='word_1_268' title='bbox 678 3081 813 3161; x_wconf 87' lang='lat' dir='ltr'><strong>praetori</strong></span> <span class='ocrx_word' id='word_1_269' title='bbox 840 3085 1013 3147; x_wconf 89' lang='lat' dir='ltr'><strong>nuntiarent</strong></span> <span class='ocrx_word' id='word_1_270' title='bbox 1034 3089 1175 3146; x_wconf 75' lang='lat' dir='ltr'><strong>sananim</strong></span> 
     </span>
     <span class='ocr_line' id='line_1_36' title="bbox 192 3165 1175 3245; baseline 0.003 -20"><span class='ocrx_word' id='word_1_271' title='bbox 192 3165 351 3228; x_wconf 88' lang='lat' dir='ltr'><strong>Abderitis</strong></span> <span class='ocrx_word' id='word_1_272' title='bbox 362 3167 507 3230; x_wconf 90' lang='lat' dir='ltr'><strong>iniustum</strong></span> <span class='ocrx_word' id='word_1_273' title='bbox 518 3167 631 3228; x_wconf 88' lang='lat' dir='ltr'><strong>bellum</strong></span> <span class='ocrx_word' id='word_1_274' title='bbox 641 3169 765 3243; x_wconf 87' lang='lat' dir='ltr'><strong>illatum,</strong></span> <span class='ocrx_word' id='word_1_275' title='bbox 782 3168 986 3245; x_wconf 87' lang='lat' dir='ltr'><strong>conquirique</strong></span> <span class='ocrx_word' id='word_1_276' title='bbox 1000 3183 1106 3230; x_wconf 89' lang='lat' dir='ltr'><strong>omnes</strong></span> <span class='ocrx_word' id='word_1_277' title='bbox 1120 3169 1175 3244; x_wconf 86' lang='lat' dir='ltr'><strong>qni</strong></span> 
     </span>
     <span class='ocr_line' id='line_1_37' title="bbox 193 3249 1174 3329; baseline -0.001 -19"><span class='ocrx_word' id='word_1_278' title='bbox 193 3249 225 3310; x_wconf 91' lang='lat' dir='ltr'><strong>in</strong></span> <span class='ocrx_word' id='word_1_279' title='bbox 237 3251 385 3314; x_wconf 83' lang='lat' dir='ltr'><strong>servitute</strong></span> <span class='ocrx_word' id='word_1_280' title='bbox 405 3252 469 3313; x_wconf 85' lang='lat' dir='ltr'><strong>sint</strong></span> <span class='ocrx_word' id='word_1_281' title='bbox 482 3256 512 3313; x_wconf 90' lang='lat' dir='ltr'><strong>et</strong></span> <span class='ocrx_word' id='word_1_282' title='bbox 525 3250 643 3314; x_wconf 86' lang='lat' dir='ltr'><strong>restitui</strong></span> <span class='ocrx_word' id='word_1_283' title='bbox 657 3249 688 3312; x_wconf 89' lang='lat' dir='ltr'><strong>in</strong></span> <span class='ocrx_word' id='word_1_284' title='bbox 703 3252 871 3314; x_wconf 85' lang='lat' dir='ltr'><strong>tibertauem</strong></span> <span class='ocrx_word' id='word_1_285' title='bbox 884 3267 1019 3329; x_wconf 86' lang='lat' dir='ltr'><strong>aequum</strong></span> <span class='ocrx_word' id='word_1_286' title='bbox 1033 3265 1174 3314; x_wconf 86' lang='lat' dir='ltr'><strong>censere.</strong></span> 
     </span>
    </p>

    <p class='ocr_par' dir='ltr' id='par_1_3' title="bbox 193 3333 1178 3497">
     <span class='ocr_line' id='line_1_38' title="bbox 277 3333 1178 3413; baseline -0.001 -17"><span class='ocrx_word' id='word_1_287' title='bbox 277 3333 317 3396; x_wconf 83' lang='lat' dir='ltr'><strong>V.</strong></span> <span class='ocrx_word' id='word_1_288' title='bbox 337 3335 455 3398; x_wconf 79' lang='lat' dir='ltr'><strong>Eodem</strong></span> <span class='ocrx_word' id='word_1_289' title='bbox 468 3343 607 3412; x_wconf 86' lang='lat' dir='ltr'><strong>tempore</strong></span> <span class='ocrx_word' id='word_1_290' title='bbox 620 3337 660 3397; x_wconf 90' lang='lat' dir='ltr'><strong>de</strong></span> <span class='ocrx_word' id='word_1_291' title='bbox 675 3334 707 3398; x_wconf 83' lang='lat' dir='ltr'><strong>C.</strong></span> <span class='ocrx_word' id='word_1_292' title='bbox 721 3336 846 3412; x_wconf 83' lang='lat' dir='ltr'><strong>cassio,</strong></span> <span class='ocrx_word' id='word_1_293' title='bbox 868 3337 921 3413; x_wconf 92' lang='lat' dir='ltr'><strong>qni</strong></span> <span class='ocrx_word' id='word_1_294' title='bbox 941 3335 1051 3398; x_wconf 91' lang='lat' dir='ltr'><strong>consul</strong></span> <span class='ocrx_word' id='word_1_295' title='bbox 1071 3334 1178 3413; x_wconf 90' lang='lat' dir='ltr'><strong>priore</strong></span> 
     </span>
     <span class='ocr_line' id='line_1_39' title="bbox 193 3417 1177 3497; baseline -0.002 -17"><span class='ocrx_word' id='word_1_296' title='bbox 193 3434 275 3482; x_wconf 89' lang='lat' dir='ltr'><strong>anno</strong></span> <span class='ocrx_word' id='word_1_297' title='bbox 296 3421 407 3497; x_wconf 86' lang='lat' dir='ltr'><strong>inerat,</strong></span> <span class='ocrx_word' id='word_1_298' title='bbox 432 3427 495 3484; x_wconf 85' lang='lat' dir='ltr'><strong>tum</strong></span> <span class='ocrx_word' id='word_1_299' title='bbox 515 3418 654 3483; x_wconf 84' lang='lat' dir='ltr'><strong>tribunus</strong></span> <span class='ocrx_word' id='word_1_300' title='bbox 669 3420 841 3483; x_wconf 86' lang='lat' dir='ltr'><strong>militnmin</strong></span> <span class='ocrx_word' id='word_1_301' title='bbox 854 3417 1038 3484; x_wconf 83' lang='lat' dir='ltr'><strong>itacedonia</strong></span> <span class='ocrx_word' id='word_1_302' title='bbox 1052 3434 1120 3484; x_wconf 88' lang='lat' dir='ltr'><strong>cum</strong></span> <span class='ocrx_word' id='word_1_303' title='bbox 1134 3421 1177 3480; x_wconf 86' lang='lat' dir='ltr'><strong>A.</strong></span> 
     </span>
    </p>
   </div>
   <div class='ocr_carea' id='block_1_3' title="bbox 0 0 1300 3954">
    <p class='ocr_par' dir='ltr' id='par_1_4' title="bbox 0 0 1300 3954">
     <span class='ocr_line' id='line_1_40' title="bbox 0 0 1300 3954; baseline 0 0"><span class='ocrx_word' id='word_1_304' title='bbox 0 0 1300 3954; x_wconf 95' lang='lat' dir='ltr'><strong> </strong></span> 
     </span>
    </p>
   </div>
  </div>
 </body>
</html>
