2598 3956
339 219 454 282 amsa
467 220 555 284 xun.
577 221 945 306 etaerupem]
1056 227 1119 292 rae

139 391 212 438 area
225 371 345 452 templi,
362 374 435 450 quia
446 375 693 450 reponendarum
708 391 797 438 nemo
813 378 924 440 artibs
938 378 1015 442 inire
1028 382 1119 444 ratio-

139 475 209 522 nem
222 457 364 535 potuerit,
377 457 590 534 redemptores
604 460 789 524 mouerant.
857 489 859 494 ·

221 543 273 602 lv.
294 541 340 602 Ex
354 539 563 618 praetoribus,
586 541 639 618 qui
653 543 683 604 in
696 544 872 620 promeres
887 546 1000 621 ierant,
1014 547 1049 609 N.
1063 549 1120 610 lla·

137 627 208 689 bins
221 623 378 687 Massiliae
392 625 534 701 meatur,
549 641 618 688 cum
633 627 663 688 ln
677 626 848 690 citeriorem
861 629 1040 708 Hispaniam
1052 632 1120 693 iret.

138 711 241 788 ltaque
263 725 331 771 eum
352 707 382 769 ld
404 709 571 770 nuntiatum
590 725 611 770 a
629 709 875 774 Massiliensibus
900 715 1007 790 legatis
1027 722 1120 792 esset,

138 801 264 856 senatus
276 790 422 866 decrerit,
436 799 470 854 ut
480 791 511 851 P.
523 793 632 854 Furius
642 796 674 855 at
683 793 738 855 cn.
751 794 908 870 summu,
926 797 1038 873 quibus
1050 815 1120 860 sue-

138 877 313 951 cedebatur,
328 877 406 937 inter
419 889 457 936 sa
470 878 660 952 condreatur,
674 885 742 941 uter
755 878 924 942 maiorem
938 880 1121 956 Hispaniam

136 970 306 1038 prorogato
326 959 454 1036 imperio
474 959 633 1023 canumet.
664 977 737 1024 sors
757 971 931 1040 opportuna
951 963 1021 1038 luit,
1041 972 1075 1026 ul
1088 963 1120 1023 P.

137 1044 248 1107 Furius
263 1044 353 1116 idem,
370 1043 458 1105 cuius
473 1058 511 1103 ea
525 1044 686 1120 prouincia
697 1047 807 1120 luerat,
820 1055 1001 1128 remaneret

223 1127 340 1190 Eodem
350 1141 441 1199 anco,
456 1141 526 1188 eum
538 1127 603 1204 agri
613 1129 760 1204 Ligustini
768 1136 803 1192 et
813 1129 928 1204 amna,
945 1130 1029 1208 quod
1040 1131 1121 1192 bello

139 1218 262 1289 captum
282 1217 360 1285 erat,
382 1209 569 1287 aliquantum
584 1221 723 1286 vaearm,
745 1217 1060 1277 umatusccnsultum
1075 1221 1122 1278 est

139 1297 262 1372 tamam
276 1303 310 1357 ut
324 1294 351 1357 is
365 1309 440 1370 aper
452 1293 563 1356 viritim
580 1294 776 1361 mederetur.
799 1296 992 1360 decemuiros
1005 1299 1037 1358 ln
1053 1313 1121 1359 eam

139 1395 204 1441 reni
225 1395 265 1440 ex
284 1386 410 1440 senatus
427 1379 570 1442 consulto
586 1380 700 1440 meavit
712 1383 750 1441 Α.
765 1380 875 1442 Addua
893 1388 1017 1457 praeter
1030 1379 1120 1442 urba·

139 1479 198 1526 nus
219 1463 260 1524 ld.
279 1461 442 1524 Aemilium
459 1462 607 1539 Lepidam
628 1462 660 1524 c.
677 1463 814 1524 Cossium
834 1463 867 1524 Τ.·
882 1463 1044 1526 Aebutium
1065 1463 1121 1525 Ca-

139 1564 206 1610 rum
227 1547 259 1610 G.
273 1546 463 1608 Tremellium
482 1545 515 1606 P.
531 1545 703 1616 Gmnelium
725 1547 891 1624 Cethegum
911 1545 944 1623 Q.
966 1555 997 1610 et
1009 1547 1043 1608 t.
1056 1547 1121 1624 Ap·

141 1631 261 1708 puleios
271 1629 314 1690 ld.
326 1628 488 1692 caecilium
501 1629 532 1690 a
544 1628 701 1694 Selenium
712 1629 746 1693 C.
758 1629 935 1693 Mummium.
951 1631 1122 1693 diviserunt

140 1715 221 1778 dena
234 1715 341 1790 iugera
353 1714 385 1774 in
400 1712 550 1790 singulos,
565 1713 662 1776 sociis
677 1713 809 1778 nominis
822 1713 920 1776 Latini
934 1719 1030 1776 tunm

223 1797 376 1859 Paridem
389 1805 527 1874 tmpus,
541 1814 604 1875 spuo
619 1797 696 1860 baec
711 1798 886 1874 sumantur,
902 1797 993 1874 legali
1007 1813 1047 1858 eu
1061 1800 1122 1859 Ae·

140 1882 213 1946 tolia
226 1882 355 1944 Romam
368 1888 518 1942 venerunt
532 1881 574 1944 de
587 1881 753 1947 discordiis
768 1881 1032 1958 auditionibusque
1046 1881 1122 1955 suis,

139 1975 171 2028 el
182 1965 321 2028 Thessali
337 1965 428 2040 legati
439 1965 630 2040 nuntiantes,
646 1981 727 2042 quae
739 1966 770 2026 in
784 1965 967 2028 Macedonia
980 1967 1123 2041 gereren-

140 2060 198 2112 tur.
219 2050 258 2109 V.
279 2049 412 2110 Perseus
427 2049 609 2111 lumbelmm
621 2048 790 2125 vmepatre
802 2050 966 2126 comatum
978 2049 1008 2110 in
1020 2047 1122 2110 animo

142 2135 287 2208 volvens,
308 2147 415 2194 omnes
435 2147 498 2194 nen
518 2139 627 2208 gentes
641 2134 735 2194 modo
751 2133 898 2194 Graeciae
911 2132 970 2193 ¹sed
982 2130 1122 2194 ciuitates

140 2219 230 2280 etiam
245 2215 447 2293 legationibus
461 2215 625 2288 mittendis,
641 2216 815 2292 pollicendo
830 2217 1022 2291 pluraquam
1036 2229 1123 2290 prae·

140 2301 262 2374 stando,
277 2299 336 2361 sibi
351 2299 541 2362 conmliebat
560 2306 650 2360 ,mam
659 2309 762 2361 tauma
776 2313 906 2375 magnae
921 2298 1014 2374 partis
1026 2297 1123 2360 homi·

141 2401 212 2447 num
234 2385 274 2446 ad
294 2383 430 2446 levorem
444 2385 510 2446 etus
524 2381 783 2457 maerebamini,
805 2389 837 2444 et
849 2381 1014 2459 aliqrmutle
1031 2397 1123 2458 quam

141 2469 170 2530 in
187 2469 353 2530 Eumenem
374 2467 610 2544 propensiores,
630 2483 700 2528 cum
713 2467 859 2528 Eumenis
879 2465 1038 2528 beneficiis
1057 2481 1122 2524 mu·

141 2552 328 2627 naribusque
350 2567 456 2614 omnes
479 2551 625 2613 Graeciae
645 2549 783 2614 civitates
801 2558 831 2613 et
850 2549 991 2627 plerique
1010 2547 1122 2624 prinei·

141 2653 215 2714 pum
226 2634 351 2710 obligati
363 2644 477 2708 essent,
494 2641 524 2696 el
534 2634 576 2696 lta
585 2649 622 2696 se
632 2635 662 2695 in
674 2649 770 2710 regno
784 2650 843 2696 suo
854 2639 983 2710 gereret,
997 2639 1033 2694 ut
1042 2647 1124 2708 quae

142 2721 200 2782 sub
216 2719 338 2780 dicione
353 2719 420 2780 eius
434 2719 527 2780 urbes
542 2724 648 2778 essent
659 2718 771 2780 nrddus
785 2717 902 2778 liberae
916 2714 1046 2778 civitatis
1061 2716 1123 2775 lor·

140 2811 244 2866 tunam
265 2816 370 2863 seeum
390 2809 534 2864 mutatam
555 2801 677 2862 vellent.
713 2807 820 2862 contra
833 2799 947 2860 Persea
962 2799 1042 2858 lama
1059 2804 1125 2857 erat

141 2894 214 2964 post
228 2885 322 2962 patris
337 2891 465 2949 mortem
479 2899 608 2946 uxorem
621 2901 714 2946 manu
728 2898 785 2945 sua
796 2881 959 2956 occidisse,
974 2880 1124 2956 Apellam,

137 2971 311 3032 ministrnm
325 2969 481 3046 quondam
495 2967 612 3030 fraudis
626 2969 657 3029 ln
672 2969 763 3029 matre
775 2966 912 3029 tollendo
931 2972 1023 3042 alque
1038 2963 1078 3025 eb
1093 2962 1125 3024 id

139 3061 173 3115 et
187 3051 358 3130 quaesitum
373 3069 392 3114 a
405 3053 546 3130 Philippo
562 3052 600 3113 ad
616 3050 800 3130 supplicium
815 3057 846 3113 et
860 3050 1060 3120 exsulantem,
1077 3064 1125 3108 ar-

140 3136 289 3198 cessitum
299 3145 371 3214 post
382 3135 477 3212 patris
488 3143 615 3199 mortem
626 3135 798 3211 ingentibus
812 3133 972 3212 promissis
984 3132 1025 3194 ad
1036 3145 1124 3208 prae·

141 3222 202 3281 mia
214 3227 316 3282 tenue
330 3227 524 3298 perpetratae
537 3219 583 3282 rei
597 3221 674 3280 clam
687 3219 887 3281 interfecisse.
909 3215 1060 3280 intestinis
1072 3229 1124 3274 ex·
1161 3254 1164 3260 ,

140 3303 299 3382 ternisque
326 3311 486 3380 praeterea
513 3303 614 3366 mullis
641 3302 788 3364 caedibus
813 3300 956 3363 inlamem
981 3313 1039 3360 nee
1062 3298 1127 3359 ullo

139 3387 415 3450 commendabilem
434 3387 542 3448 merito
563 3386 778 3462 praeferebant
798 3387 891 3460 uulgo
909 3383 1047 3445 civitates
1064 3386 1126 3440 um

143 3471 194 3544 plo
207 3485 280 3546 erga
290 3471 493 3548 propinquos,
508 3477 569 3531 tam
581 3469 661 3531 lusto
676 3471 706 3530 ln
719 3470 813 3542 ciues,
825 3474 887 3528 mm
897 3463 1040 3528 munifico
1053 3475 1132 3536 erga
