2598 3956
315 256 739 322 eunomiumne.
763 257 799 336 [a.
816 263 847 316 c.
866 259 927 337 us]
1057 255 1117 321 117

135 414 212 476 diem
236 413 356 476 tertium
374 411 445 473 idus
462 409 593 472 Sextiles
610 411 713 471 edixit.
744 410 843 486 plenis
858 407 1038 486 religionum
1053 412 1132 474 ani»

133 499 189 559 mis
206 496 346 573 prodigia
359 495 487 574 insuper
502 494 652 571 nuntiata,
672 494 796 558 Tusculi
812 496 909 555 lacem
919 495 955 556 'in
972 495 1058 555 coelo
1072 496 1117 555 vi-

133 598 208 657 sam,
223 579 328 641 Gabiis
342 579 451 640 aedem
461 578 614 654 Apollinis
626 585 656 640 et
668 579 786 655 privato
797 575 939 642 aedilicia
950 580 1117 654 complura,

133 664 289 728 Graviscis
313 679 433 726 murum
460 669 641 741 portamque
662 663 702 723 de
723 664 809 723 caelo
831 667 921 724 tacta.
955 676 992 721 eo
1014 669 1117 738 patres

131 747 357 828 procuratrici
372 745 534 823 pontilices
550 745 753 822 censuissent,
768 747 934 808 iusserunt

214 833 293 894 Dum
308 832 452 893 consules
467 831 597 908 primum
611 830 785 907 religiones,
806 829 918 890 deinde
933 833 1060 892 alterurn
1075 830 1117 890 al·

131 917 226 980 terius
240 931 324 977 mors
340 922 370 976 et
385 914 506 976 comitia
520 914 734 977 etLatinarum
746 913 924 976 instauratio
938 914 1117 992 impediunt,

130 1001 250 1063 interim
267 998 299 1060 C.
315 998 459 1060 Claudius
474 998 641 1060 exercitum
656 999 696 1058 ad
709 998 865 1073 Mutinam,
882 1015 974 1074 quam
988 997 1117 1074 Ligures

130 1085 235 1161 priore
254 1097 335 1144 anno
358 1089 518 1160 ceperant,
540 1082 686 1144 admovit.
718 1088 788 1143 ante
803 1082 937 1144 triduum
954 1099 1047 1161 quam
1062 1097 1117 1156 op·

131 1183 271 1246 pugnare
286 1174 446 1243 coeperat,
460 1173 617 1242 receptam
632 1181 671 1226 ex
686 1165 827 1228 hostibus
842 1167 962 1229 colonis
976 1165 1118 1228 restituit.

129 1260 201 1316 octo
216 1251 298 1312 milia
312 1249 354 1320 ibi
364 1249 510 1326 Ligurum
524 1251 602 1311 intra
615 1265 721 1312 muros
736 1265 844 1321 caesa;
866 1251 1046 1328 litteraeque
1056 1251 1117 1311 Ro·

129 1353 211 1396 mam
225 1335 379 1410 extenplo
395 1335 538 1412 scriptae,
554 1335 667 1410 quibus
683 1348 745 1395 non
757 1332 850 1396 modo
861 1349 925 1396 rem
938 1341 1117 1411 exponeret,

129 1421 188 1481 scd
203 1420 293 1490 etiarn
306 1418 488 1494 gloriaretur
500 1433 560 1478 sua
573 1418 683 1478 virtute
692 1432 729 1479 ac
741 1417 882 1479 felicitate
894 1418 1045 1479 neminem
1058 1417 1119 1476 iarn

64 1515 68 1520 “
128 1505 175 1566 cis
202 1504 300 1580 Alpes
326 1502 447 1564 hostem
473 1502 579 1580 populi
602 1501 747 1576 Romani,
774 1500 902 1577 agrique
931 1503 1119 1580 aliquantum

127 1594 261 1664 captum,
278 1587 329 1664 qui
344 1586 446 1648 multis
460 1585 582 1647 milibus
596 1585 753 1647 hominum
767 1584 863 1646 dividi
877 1586 987 1648 viritim
1000 1591 1118 1663 posset.

126 1671 221 1734 XVII.
244 1679 275 1733 et
287 1671 331 1731 Ti.
348 1669 548 1747 Sempronius
564 1670 674 1732 eodem
688 1677 827 1746 tempore
841 1667 872 1730 in
887 1669 1029 1732 Sardinia
1042 1670 1118 1729 mul·

126 1755 166 1817 tis
181 1755 328 1817 secundis
350 1755 477 1831 proeliis
494 1753 612 1816 Sardos
633 1753 815 1831 perdomuit.
846 1753 1023 1830 quindecim
1036 1752 1120 1813 milia

1 1891 14 1924 Ι.
125 1838 262 1902 bostium
277 1846 349 1902 sunt
363 1853 472 1900 caesas
494 1853 601 1899 omnes
614 1837 782 1900 Sardorum
799 1838 915 1915 populi,
932 1837 984 1914 qui
996 1837 1118 1898 deiece-

125 1930 211 1999 rant,
231 1923 262 1983 in
285 1923 437 1984 dicionem
451 1922 577 1984 redacti.
605 1921 813 2000 stipendiariis
829 1921 984 1984 veteribus
1001 1921 1116 1996 duplex

125 2007 262 2083 vectigal
281 2006 463 2082 imperatum
483 2014 704 2082 exactumquer
732 2006 826 2068 ceteri
847 2007 1031 2068 trumentum
1045 2020 1118 2068 con·

125 2092 270 2154 tulerunt.
307 2098 417 2169 pacem
441 2089 603 2168 provincia
628 2090 854 2166 obsidibusque
875 2105 915 2150 ex
935 2096 999 2152 tota
1019 2091 1120 2151 insula

128 2174 271 2237 ducentis
282 2175 406 2252 triginta
415 2175 552 2250 acceptis
567 2173 659 2250 legati
669 2176 808 2250 Romam,
824 2171 876 2249 qui
889 2190 926 2235 eo
936 2175 1119 2248 nuntiarent,

125 2257 226 2334 missi,
242 2260 357 2336 quique
372 2260 411 2321 ab
427 2265 534 2320 senatu
551 2264 703 2335 peterent,
717 2264 751 2319 ut
765 2257 806 2319 ob
821 2272 875 2318 eas
890 2273 942 2318 res
958 2258 1052 2319 ductu
1066 2273 1120 2317 au·

128 2343 294 2422 spicioque
306 2344 350 2403 Ti.
367 2342 541 2420 Sempronii
562 2356 713 2419 prospere
734 2348 839 2419 gestas
861 2341 921 2404 diis
943 2339 1120 2403 immortali·

126 2428 187 2490 bus
203 2427 304 2490 honos
319 2427 498 2503 haberetur,
519 2425 642 2504 ipsique
658 2425 818 2490 decedenti
835 2425 875 2488 de
890 2426 1051 2504 provincia
1067 2422 1123 2486 ex·'

126 2512 255 2574 ercitum
267 2527 373 2574 secum
384 2513 548 2589 deportare
559 2511 674 2572 liceret„
696 2517 823 2573 senatus
835 2509 865 2570 in
877 2511 956 2572 aede
967 2501 1120 2587 Apollinis

125 2598 297 2673 legatorum
310 2595 416 2657 verbis
430 2595 543 2656 auditis
558 2595 817 2672 supplicationem
831 2594 862 2654 in
874 2593 1001 2657 biduum
1013 2595 1120 2655 decre·
1155 2635 1159 2640 -

125 2681 187 2754 vit,
210 2687 241 2742 et
255 2679 456 2757 quadraginta
476 2678 643 2741 maioribus
657 2678 768 2741 hostiis
783 2680 928 2740 consules
944 2677 1121 2739 sacrificare

8 2783 11 2790 ¹
126 2763 227 2840 iussit,
233 2761 501 2840 Ti.'Sempronium
513 2764 731 2840 proconsulem
742 2761 973 2838 exercitumque
986 2778 1023 2823 eo
1037 2775 1117 2820 anno

127 2848 159 2908 in
175 2847 336 2925 provincia
349 2863 484 2910 manere.

215 2931 344 2994 comitia
364 2932 477 2993 deinde
498 2929 636 2991 consulis
656 2926 748 2990 unius
764 2928 969 3005 subrogandi,
993 2943 1074 3004 quae
1090 2927 1120 2987 in

127 3022 200 3076 ante
215 3015 296 3077 diem
312 3015 433 3077 tertium
448 3029 547 3077 nonas
560 3011 692 3074 Sextiles
708 3013 809 3074 edicta
823 3021 920 3090 erant,
936 3028 973 3075 eo
986 3012 1056 3090 ipso
1069 3012 1120 3073 die

127 3105 202 3160 sunt
219 3100 370 3163 conlecta.
396 3099 430 3174 Q.
445 3099 581 3160 Petillios
596 3099 706 3160 consul
720 3098 880 3174 collegam,
896 3098 949 3178 qui
965 3097 1119 3173 externplo

127 3182 340 3258 magistratum
355 3185 525 3261 occiperet,
541 3182 656 3244 creavit
674 3181 706 3242 0.
721 3181 879 3243 Valerium
891 3182 1069 3242 Laevinum.
1092 3180 1119 3240 is

126 3269 189 3328 iarn
210 3267 263 3330 diu
284 3268 417 3345 cupidus
437 3266 632 3345 provinciae,
654 3282 724 3327 cum
745 3273 939 3344 opportunae
962 3262 1120 3342 cupiditati

126 3351 197 3412 eius
211 3351 328 3414 litterae
343 3352 464 3414 adlatae
479 3359 585 3413 essent
598 3351 727 3426 ligures
741 3350 919 3425 rebellasse,
935 3350 1025 3410 nonis
1042 3345 1119 3407 Sex·

127 3434 232 3496 lilibus
248 3435 412 3512 paludatus
424 3435 457 3475 **
471 3434 578 3496 litteris
595 3433 706 3496 auditis
723 3437 869 3497 turnultus
884 3435 949 3494 eius
966 3447 1061 3492 causa
1075 3429 1118 3488 le-

6 3527 7 3559 i
127 3518 252 3593 gionem
271 3519 390 3582 tertiam
411 3519 451 3580 ad
472 3517 504 3580 C.
521 3518 680 3579 claudium
701 3519 920 3595 proconsulem
942 3515 973 3576 in
991 3514 1118 3576 Galliam
