2570 3952
158 135 159 138 ‘
180 145 245 215 aar
348 145 463 206 LIBER
476 144 567 204 XLV.
582 143 664 202 CAP.
680 149 777 206 suaa
793 147 830 214 [a.
842 146 877 199 u.
893 165 917 202 ο.
929 147 992 216 aaa]

181 315 293 364 versus
313 298 471 358 Romanos
494 294 595 356 omnia
614 294 814 356 instruxisser
837 309 894 356 nec
909 296 996 358 aliter
1010 311 1064 359 eas
1079 314 1158 360 man·

183 399 274 446 suras
294 382 325 442 in
345 380 407 441 ilde
420 385 543 456 gentes,
565 378 624 439 nisi
645 379 748 440 fractis
764 377 871 440 animis
886 380 1017 456 partium
1031 383 1159 445 aleretur

181 465 477 539 oonnrmmeturque
491 461 655 524 auctoritas
674 477 794 534 eorum,
819 460 872 538 qui
885 461 960 524 nihil
973 471 1095 541 praeter
1107 467 1160 528 im·

184 549 303 630 perium
321 547 528 610 Romanorum
548 551 732 622 spectarent.
761 545 799 605 ab
820 545 868 606 his
883 547 974 609 editis
987 547 1161 614 nominibus

182 632 303 697 evocati
323 631 429 711 litteris
458 629 650 707 imperatoris
677 647 717 691 cx
737 629 858 692 Aetolia
878 631 1114 710 Acarnaniaque
1132 641 1165 696 et

183 717 278 794 Epiro
300 722 331 779 et
349 715 493 788 Boeotia,
523 714 574 791 qui
593 713 721 776 Romam
742 713 781 774 ad
796 730 922 775 causam
936 715 1099 778 dicendam
1113 733 1163 778 se-

186 809 361 879 querentur.
376 800 413 861 in
428 798 576 862 Achaiam
590 814 630 858 cx
645 798 752 859 decem
765 799 934 874 legatorum
948 815 1077 862 numero
1092 815 1164 876 pro·

183 884 255 948 lecti
270 884 342 958 duo,
358 883 389 943 c.
407 883 550 944 claudius
565 889 596 943 ct
610 883 663 943 Gn.
677 881 836 957 Domitius,
851 890 886 944 ut
898 883 959 960 ipsi
974 883 1074 946 edicto
1090 899 1165 946 avo·

183 976 298 1030 carent.
323 968 356 1028 id
376 966 495 1028 duabus
511 966 668 1028 decausis
684 967 810 1039 lactum,
833 982 910 1043 una,
932 967 1017 1042 quod
1033 967 1167 1030 fiduciae

184 1055 256 1129 plus
267 1052 508 1128 >animorumque
527 1066 600 1113 esse
616 1050 749 1112 Achaeis
771 1050 812 1112 ad
831 1066 893 1112 non
913 1050 1083 1129 parendum
1097 1067 1166 1114 cre·

184 1135 313 1208 debant,
334 1142 365 1196 et
383 1135 511 1196 forsitan
533 1135 623 1196 etiam
643 1134 673 1195 in
695 1134 831 1211 periculo
852 1135 919 1196 lore
940 1134 1119 1197 Callicraten
1135 1144 1168 1198 ct

185 1225 304 1284 ceteros
320 1219 479 1281 criminum
492 1224 636 1280 auctores
653 1218 885 1296 delatoresque3
902 1219 997 1281 altera
1009 1235 1065 1281 cur
1075 1235 1167 1297 prae-

186 1311 289 1365 sentes
304 1308 471 1366 avooarent
484 1319 579 1366 causa
593 1310 672 1378 erat,
689 1302 773 1378 quod
788 1318 828 1363 ex
842 1298 910 1363 aliis
925 1302 1067 1379 gentibus
1081 1305 1168 1380 prin·

185 1386 288 1464 cipum
303 1386 418 1449 litteras
434 1387 605 1464 deprensas
616 1387 647 1448 in
660 1384 885 1448 commentariis
896 1386 989 1462 regiis
1000 1385 1166 1463 habebant,

185 1471 684 1533 inAchaeisoaecumcratorimen
697 1469 1166 1534 nrrlliseorumlitterisinventis.
1262 1533 1263 1536 ,

268 1554 386 1616 Aetolis
401 1554 536 1617 dimissis
551 1555 744 1617 Acarnanum
759 1553 850 1616 citata
862 1569 955 1632 gensz
977 1555 1009 1614 in
1025 1555 1074 1618 his
1091 1556 1165 1620 nihii

185 1647 331 1700 novatum
352 1639 411 1698 nisi
426 1639 511 1715 quod
524 1639 643 1700 Leucas
658 1645 801 1714 exempta
816 1644 863 1700 est
879 1639 1075 1702 Acarnanum
1090 1655 1166 1701 con·
1264 1646 1265 1680 l

185 1723 265 1785 cilio.
289 1723 466 1799 quaerendo
488 1722 600 1784 deinde
620 1720 726 1796 latius,
750 1721 802 1799 qui
822 1721 944 1797 publice
958 1729 1011 1784 aut
1023 1722 1167 1798 privatim
1265 1717 1267 1800 ἶ

186 1807 317 1883 partium
331 1807 411 1884 regis
427 1806 567 1882 luissent,
588 1807 618 1866 in
631 1805 739 1868 Asiam
754 1820 878 1882 quoque
892 1807 1097 1882 cognitionem
1112 1822 1166 1867 ex·
1267 1863 1268 1882 ,

183 1890 328 1958 tendere;
350 1898 380 1951 et
394 1890 434 1950 ad
447 1890 604 1951 Antissam
618 1889 649 1949 in
662 1889 763 1951 Lesbo
779 1889 879 1950 insula
894 1888 1083 1964 diruendmn,
1103 1898 1167 1952 tra·
1268 1937 1269 1946 ,

186 1972 345 2034 ducendos
370 1973 578 2052 Methymnam
602 1973 785 2036 Antissaeos
807 1971 981 2035 Labeonem
1007 1972 1166 2050 miserunt,

188 2057 272 2132 quod
292 2059 479 2119 Antenorem
498 2057 615 2133 regium
637 2058 840 2134 praelectum,
865 2073 927 2134 quo
942 2065 1080 2134 tempore
1095 2074 1167 2120 curn

186 2140 294 2202 lembis
317 2141 398 2202 circa
416 2141 550 2203 Lesbum
571 2149 619 2204 est
639 2148 783 2218 vagatus,
806 2147 896 2217 portu
909 2150 1066 2218 receptum
1082 2157 1166 2203 corn·

185 2225 337 2287 meatibus
351 2225 522 2289 iuvissent.
552 2227 613 2287 duo
640 2226 741 2287 securi
768 2225 908 2301 percussi
932 2225 990 2286 viri
1015 2223 1165 2302 insignes

184 2308 557 2372 AndronicusAndronici
568 2310 648 2371 filius
660 2311 797 2382 Aetolus,
811 2310 895 2384 quod
908 2315 1024 2385 patrem
1037 2318 1165 2372 secutus

186 2409 271 2453 arma
292 2401 399 2454 contra
419 2396 568 2470 populunr
582 2395 753 2456 Romanum
766 2391 903 2467 tulisset,
925 2402 955 2456 et
967 2393 1031 2454 Neo
1045 2392 1165 2454 Theba·

186 2490 253 2550 nus,
270 2493 332 2558 quo
349 2484 474 2538 auctore
489 2477 667 2538 societatem
681 2493 749 2539 cum
762 2476 877 2538 Perseo
893 2477 1062 2538 iunxerant.

268 2557 387 2621 XXXII.
415 2559 470 2621 His
490 2575 593 2621 rectum
613 2568 805 2622 externarum
826 2559 1051 2636 cognitionibus
1072 2559 1165 2622 inter·

185 2643 296 2720 positis
321 2642 524 2706 Macedonum
549 2662 657 2707 rursus
678 2645 861 2708 advocatum
883 2645 1061 2715 conciliu1n3
1091 2661 1165 2720 pro-

185 2726 355 2791 nuntiatum
376 2729 459 2805 quod
474 2730 515 2791 ad
528 2737 641 2791 statum
655 2729 856 2792 Macedoniae
872 2729 1056 2806 pertinebat,
1072 2744 1166 2790 sena·

185 2820 375 2890 tores,·quos
390 2815 544 2892 synedros
555 2823 676 2890 vocant,
690 2813 839 2890 legendos
851 2829 932 2892 esse,
949 2829 1078 2890 quorum
1090 2828 1166 2874 con-

187 2895 256 2956 silio
280 2913 331 2958 res
357 2899 480 2972 publiea
505 2899 772 2960 administraretur.
807 2897 931 2959 nomina
955 2896 1068 2958 deinde
1093 2901 1167 2958 sunt

185 2978 311 3041 recitata
325 2981 498 3056 principum
511 2982 723 3058 Macedonum,
746 2999 825 3058 quos
841 2997 910 3043 cum
924 2975 1028 3042 liberis
1043 2978 1166 3058 maiori-

185 3060 243 3120 bus
264 3079 354 3140 quam
376 3063 550 3140 quindecim
572 3083 671 3127 annos
692 3065 771 3127 natis
793 3065 980 3141 praecedere
1001 3063 1032 3125 in
1047 3062 1168 3126 ltaliam

185 3146 328 3220 placeret.
357 3147 389 3210 id
408 3148 508 3224 prima
528 3151 633 3224 specie
653 3165 795 3224 saevum,
818 3166 890 3211 mox
910 3149 1053 3226 apparuit
1065 3145 1167 3208 multi·

185 3229 281 3291 tudini
301 3231 505 3295 Macedonum
525 3249 583 3310 pro
604 3233 741 3296 libertate
761 3250 818 3295 sua
838 3249 910 3296 esse
924 3234 1046 3295 iactum.
1067 3231 1151 3294 nomi

185 3315 246 3376 nati
258 3324 328 3376 sunt
339 3317 418 3377 eninr
430 3316 513 3392 regis
524 3317 613 3379 amici
620 3319 849 3395 purpuratique,
863 3317 958 3378 duces
967 3316 1166 3392 exercituum,

187 3400 331 3470 praetecti
346 3402 468 3463 navium
484 3409 535 3463 aut
549 3403 780 3479 praesidiorum,
797 3402 913 3463 servire
928 3401 992 3476 regi
1003 3399 1166 3475 humiliter,
