2592 3964
197 230 239 293 aa
292 189 296 195 ¹
338 231 453 292 amun
466 231 598 292 mix.
621 232 816 296 anemae.
840 235 1035 313 [anano

191 387 287 448 culsis
309 386 449 448 omnibus
469 393 585 447 terrore
602 395 664 449 tarn
677 387 808 448 recentis
824 388 944 462 caedis,
956 387 1116 448 ⁴neminem
1130 389 1178 452 hi·

191 485 280 531 scere
292 471 442 532 adversus
454 485 656 532 scansurum.
671 485 785 546 negare
795 471 918 548 Appius
927 487 993 531 rem
1004 472 1177 535 evidentem

191 571 248 630 pro
265 553 358 614 dubia
373 554 589 630 quaerendam.
619 555 646 615 si
659 553 699 614 ab
715 571 750 617 se
764 556 886 630 culpam
900 570 1061 625 removere
1074 557 1177 633 vellet,

192 637 390 698 Onomastum
411 645 441 698 et
455 638 658 712 Casandrum,
680 655 738 714 per
758 655 837 714 quos
860 645 928 700 acta
948 654 1000 700 res
1015 639 1176 714 diceretur,

191 722 323 782 mitteret
331 721 468 796 Romam,
484 729 517 784 ut
530 737 586 782 eos
603 729 728 784 senatus
741 723 931 798 percunctari
944 729 1061 798 posset.
1077 724 1177 798 primo

191 806 269 866 adeo
288 805 478 880 perturbavit
492 821 529 866 ea
542 823 605 866 vox
619 822 737 880 rogem,
759 811 869 866 utnon
884 806 985 882 color,
1001 822 1063 867 non
1075 808 1176 867 vultus

191 889 221 950 ei
241 894 412 958 constaret;
435 889 546 951 deinde
567 891 695 950 collecto
715 889 838 950 tandem
860 888 960 952 animo
979 889 1177 964 Casandrum,

193 973 245 1046 qui
251 972 417 1034 Maroneae
431 971 549 1044 luisset,
565 973 593 1034 si
607 974 712 1048 utique
723 972 845 1047 vellent,
860 988 895 1033 se
906 973 1071 1034 missurum
1086 973 1177 1034 dixit:

194 1056 234 1116 ad
250 1054 448 1117 Onomastum
469 1055 593 1132 quidem
608 1056 683 1132 quid
697 1071 765 1116 eam
778 1072 844 1117 rem
858 1055 1026 1132 pertinere,
1049 1055 1178 1132 quinon

193 1139 285 1200 modo
305 1139 485 1213 Maroneae,
510 1139 568 1200 sed
593 1137 682 1200 nain
707 1141 834 1214 regione
859 1140 982 1214 quidem
1005 1141 1179 1216 propinqua

193 1223 323 1284 luisset?
344 1230 374 1283 et
390 1224 536 1298 parcebat
549 1224 647 1298 magis
663 1221 845 1297 Onomasto,
866 1222 1056 1286 honoratiori
1070 1225 1177 1298 amico,

193 1315 224 1367 et
238 1307 369 1366 eundem
382 1307 515 1367 indicem
529 1307 613 1367 haud
626 1308 720 1382 paulo
736 1310 806 1382 plus
820 1308 957 1382 timebat,
980 1307 1052 1383 quia
1066 1314 1096 1367 et
1110 1308 1179 1382 ipse

194 1406 367 1452 sermonem
390 1405 459 1450 cum
481 1407 518 1450 eo
541 1392 711 1452 contulerat
732 1399 762 1452 et
782 1390 944 1453 multorum
966 1389 1070 1451 talium
1091 1391 1177 1452 mini-

194 1481 290 1534 strum
307 1481 338 1534 et
353 1474 512 1534 conscium
526 1474 667 1534 habebat.
691 1475 847 1536 Casander
859 1489 992 1550 quoque,
1008 1474 1112 1536 missis
1126 1476 1178 1548 qui

193 1573 251 1632 per
263 1556 388 1631 Epirum
404 1557 450 1616 ad
469 1573 553 1619 rnare
574 1565 838 1633 prosequerentur
856 1573 946 1635 eum,
962 1573 1002 1617 ne
1022 1573 1083 1633 qua
1100 1557 1178 1617 indi-

194 1640 275 1700 cium
287 1647 451 1713 emanaret,
466 1649 585 1700 veneno
599 1641 732 1702 creditur
742 1641 890 1702 sublatus.
911 1639 1031 1702 XXXV.
1046 1647 1078 1700 et
1088 1641 1179 1716 legati

194 1723 358 1798 oPhilippi
378 1723 532 1799 colloquio
554 1724 595 1784 ita
616 1723 747 1798 digressi
768 1731 855 1799 sunt,
875 1732 909 1784 ut
926 1725 1181 1800 praeseferrent

194 1806 268 1867 nihil
283 1821 388 1866 eorum
405 1806 462 1866 sibi
476 1808 616 1881 placeam
638 1815 668 1868 et
681 1807 840 1883 Philippus
855 1808 977 1868 minime
993 1805 1065 1884 quin
1080 1807 1180 1867 rebel-

195 1889 319 1950 landum
339 1898 424 1951 esset
443 1890 569 1965 dubius,
592 1891 663 1966 quia
683 1899 784 1952 tamen
803 1890 983 1952 immaturae
997 1891 1037 1951 ad
1051 1891 1083 1951 id
1096 1892 1179 1952 vires

195 1979 289 2045 erant,
298 1974 337 2032 ad
345 1989 461 2032 moram
472 1970 723 2049 interponendam
731 1973 913 2036 Demetrium
925 1974 1073 2035 minorem
1085 1973 1180 2034 lilium

198 2057 313 2118 nictare
327 2056 454 2117 Romam
474 2056 564 2116 simul
580 2057 619 2118 ad
633 2057 794 2134 purganda
808 2057 947 2133 crimina,
968 2058 1057 2119 simul
1072 2056 1112 2118 ad
1127 2057 1179 2120 de·

197 2139 382 2216 precandam
393 2140 470 2200 iram
483 2149 607 2201 senatus
620 2143 731 2214 statuit,
748 2143 823 2202 satis
835 2142 966 2203 credens
976 2142 1078 2217 ipsum
1090 2141 1180 2202 etiam
1231 2214 1235 2220 ι

197 2223 351 2296 iuvenem,
372 2224 456 2299 quod
469 2225 586 2285 Rornae
600 2225 694 2286 obses
709 2223 866 2300 specimen
880 2224 993 2294 indolis
1007 2225 1111 2299 regiae
1126 2224 1180 2284 de-

195 2307 308 2376 disset,
334 2307 451 2382 aliquid
471 2310 615 2369 momenti
637 2310 795 2369 iacturum.
827 2309 945 2369 interim
967 2323 1022 2384 per
1043 2306 1180 2383 speciem

196 2388 301 2450 auxilii
311 2390 470 2466 Byzantiis
485 2391 612 2464 terendi,
627 2407 661 2450 re
676 2393 745 2466 ipsa
756 2391 796 2451 ad
806 2399 951 2453 terrorem
962 2389 1076 2466 regulis
1087 2391 1179 2451 Thra-

196 2488 266 2532 cum
288 2472 472 2532 iniciendum
497 2475 671 2548 protectus,
697 2473 849 2550 perculsis
869 2475 907 2536 iis
928 2490 990 2536 uno
1012 2473 1129 2550 proelio
1150 2482 1182 2536 et

194 2555 354 2616 Amadoco
369 2555 447 2615 duce
462 2562 552 2632 capto
567 2555 598 2616 in
613 2556 823 2618 Macedoniam
837 2558 941 2633 rediit,
957 2557 1061 2618 missis
1075 2557 1115 2618 ad
1129 2573 1180 2619 ac-

196 2638 280 2698 colas
296 2637 389 2699 Histri
411 2638 543 2700 fluminis
564 2641 728 2715 barbaros,
750 2649 783 2703 ut
796 2641 827 2700 in
841 2641 956 2702 ltaliam
969 2641 1180 2717 irrumperent,

197 2721 419 2810 sollicitandos.

278 2805 317 2866 Et
330 2806 361 2867 in
374 2805 589 2882 Peloponneso
611 2807 759 2869 adventus
774 2809 981 2869 Romanorum
1001 2810 1179 2885 legatorum,

198 2888 250 2965 qui
270 2905 311 2949 ex
324 2889 506 2950 Macedonia
525 2891 555 2951 in
570 2891 716 2952 Achaiam
737 2892 782 2952 ire
802 2891 879 2953 iussi
894 2900 994 2963 erant,
1017 2899 1180 2969 exspecta-

195 2972 301 3041 batura
333 2972 484 3032 adversus
511 2989 590 3048 quos
610 2981 644 3034 ut
662 2983 845 3051 praeparata
870 2975 999 3036 consilia
1023 2974 1180 3049 haberent,

195 3054 346 3130 Lycortas
361 3063 486 3130 praetor
501 3057 662 3118 concilium
677 3057 794 3119 indixit.
817 3058 858 3119 ibi
874 3059 913 3119 de
926 3057 1180 3120 Lacedaemoniis

197 3142 313 3197 actum:
335 3153 374 3198 ex
394 3137 534 3200 hostibus
548 3155 603 3201 eos
619 3149 815 3202 accusatores
830 3142 944 3216 iactos,
965 3149 996 3202 ct
1010 3141 1180 3217 periculum

196 3235 283 3296 esse,
307 3236 346 3281 ne
359 3222 431 3282 victi
445 3224 542 3298 magis
557 3225 681 3285 timendi
695 3225 810 3297 rorent,
833 3241 924 3300 quam
941 3225 1090 3286 bellantes
1106 3223 1179 3286 luis·

197 3310 274 3365 sent.
296 3305 412 3380 quippe
426 3303 458 3366 in
472 3304 552 3368 bello
568 3309 662 3370 sociis
672 3309 817 3369 Romanis
830 3308 975 3370 Achaeos
989 3325 1083 3370 usos=
1098 3323 1180 3368 nunc

195 3388 324 3449 eosdem
333 3389 490 3450 Romanos
505 3392 667 3466 aequiores
680 3391 930 3452 Lacedaemoniis
943 3409 1035 3468 quam
1045 3388 1180 3452 Achaeis

195 3487 282 3546 esse,
303 3471 357 3534 ubi
370 3475 471 3534 Areus
492 3474 581 3534 etiarn
596 3483 626 3536 et
639 3474 830 3552 Alcibiades,
853 3475 942 3538 ambo
957 3473 1104 3552 exsules,
1122 3491 1180 3536 suo
