<?xml version="1.0" encoding="UTF-8"?>
<!DOCTYPE html PUBLIC "-//W3C//DTD XHTML 1.0 Transitional//EN"
    "http://www.w3.org/TR/xhtml1/DTD/xhtml1-transitional.dtd">
<html xmlns="http://www.w3.org/1999/xhtml" xml:lang="en" lang="en">
 <head>
  <title>
</title>
<meta http-equiv="Content-Type" content="text/html;charset=utf-8" />
  <meta name='ocr-system' content='tesseract 3.04.00' />
  <meta name='ocr-capabilities' content='ocr_page ocr_carea ocr_par ocr_line ocrx_word'/>
</head>
<body>
  <div class='ocr_page' id='page_1' title='image "./aburbeconditali09livygoog_0203.png"; bbox 0 0 2574 3954; ppageno 0'>
   <div class='ocr_carea' id='block_1_1' title="bbox 299 229 1099 316">
    <p class='ocr_par' dir='ltr' id='par_1_1' title="bbox 299 229 1099 316">
     <span class='ocr_line' id='line_1_1' title="bbox 299 229 1099 316; baseline 0.008 -25"><span class='ocrx_word' id='word_1_1' title='bbox 299 230 414 292; x_wconf 78' lang='lat' dir='ltr'><strong>ursan</strong></span> <span class='ocrx_word' id='word_1_2' title='bbox 427 229 515 298; x_wconf 79' lang='lat' dir='ltr'><strong>xarr.</strong></span> <span class='ocrx_word' id='word_1_3' title='bbox 538 230 621 292; x_wconf 83' lang='lat' dir='ltr'><strong>car.</strong></span> <span class='ocrx_word' id='word_1_4' title='bbox 634 241 734 294; x_wconf 70' lang='lat' dir='ltr'><strong>arsa</strong></span> <span class='ocrx_word' id='word_1_5' title='bbox 755 234 792 316; x_wconf 71' lang='lat' dir='ltr'><strong>[a.</strong></span> <span class='ocrx_word' id='word_1_6' title='bbox 808 237 841 291; x_wconf 89' lang='lat' dir='ltr'><strong>c.</strong></span> <span class='ocrx_word' id='word_1_7' title='bbox 857 234 917 311; x_wconf 81' lang='lat' dir='ltr'><strong>nr]</strong></span> <span class='ocrx_word' id='word_1_8' title='bbox 1037 231 1099 297; x_wconf 81' lang='lat' dir='ltr'><strong>tra</strong></span> 
     </span>
    </p>
   </div>
   <div class='ocr_carea' id='block_1_2' title="bbox 90 381 1152 2801">
    <p class='ocr_par' dir='ltr' id='par_1_2' title="bbox 90 381 1152 2801">
     <span class='ocr_line' id='line_1_2' title="bbox 116 381 1097 462; baseline 0.003 -14"><span class='ocrx_word' id='word_1_9' title='bbox 116 392 228 462; x_wconf 87' lang='lat' dir='ltr'><strong>ratque</strong></span> <span class='ocrx_word' id='word_1_10' title='bbox 251 399 308 447; x_wconf 87' lang='lat' dir='ltr'><strong>eos</strong></span> <span class='ocrx_word' id='word_1_11' title='bbox 331 381 428 445; x_wconf 84' lang='lat' dir='ltr'><strong>Didas</strong></span> <span class='ocrx_word' id='word_1_12' title='bbox 447 383 564 460; x_wconf 86' lang='lat' dir='ltr'><strong>Paeon,</strong></span> <span class='ocrx_word' id='word_1_13' title='bbox 591 383 642 462; x_wconf 90' lang='lat' dir='ltr'><strong>qui</strong></span> <span class='ocrx_word' id='word_1_14' title='bbox 665 385 891 448; x_wconf 75' lang='lat' dir='ltr'><strong>adolescentem</strong></span> <span class='ocrx_word' id='word_1_15' title='bbox 911 388 1097 452; x_wconf 81' lang='lat' dir='ltr'><strong>Demetrium</strong></span> 
     </span>
     <span class='ocr_line' id='line_1_3' title="bbox 116 468 1096 548; baseline 0.002 -16"><span class='ocrx_word' id='word_1_16' title='bbox 116 469 282 532; x_wconf 87' lang='lat' dir='ltr'><strong>occiderat.</strong></span> <span class='ocrx_word' id='word_1_17' title='bbox 304 477 335 528; x_wconf 91' lang='lat' dir='ltr'><strong>et</strong></span> <span class='ocrx_word' id='word_1_18' title='bbox 348 474 533 530; x_wconf 87' lang='lat' dir='ltr'><strong>armatorum</strong></span> <span class='ocrx_word' id='word_1_19' title='bbox 551 468 613 529; x_wconf 92' lang='lat' dir='ltr'><strong>duo</strong></span> <span class='ocrx_word' id='word_1_20' title='bbox 631 468 713 530; x_wconf 88' lang='lat' dir='ltr'><strong>milia</strong></span> <span class='ocrx_word' id='word_1_21' title='bbox 727 469 880 532; x_wconf 82' lang='lat' dir='ltr'><strong>Gallorum</strong></span> <span class='ocrx_word' id='word_1_22' title='bbox 896 480 991 544; x_wconf 89' lang='lat' dir='ltr'><strong>erant,</strong></span> <span class='ocrx_word' id='word_1_23' title='bbox 1007 489 1096 548; x_wconf 89' lang='lat' dir='ltr'><strong>prae-</strong></span> 
     </span>
     <span class='ocr_line' id='line_1_4' title="bbox 118 549 1095 627; baseline 0.006 -15"><span class='ocrx_word' id='word_1_24' title='bbox 118 553 200 615; x_wconf 87' lang='lat' dir='ltr'><strong>lecto</strong></span> <span class='ocrx_word' id='word_1_25' title='bbox 210 551 443 627; x_wconf 87' lang='lat' dir='ltr'><strong>Asclepiodoto.</strong></span> <span class='ocrx_word' id='word_1_26' title='bbox 467 551 507 612; x_wconf 90' lang='lat' dir='ltr'><strong>ab</strong></span> <span class='ocrx_word' id='word_1_27' title='bbox 520 549 670 614; x_wconf 85' lang='lat' dir='ltr'><strong>Heraclea</strong></span> <span class='ocrx_word' id='word_1_28' title='bbox 683 567 722 614; x_wconf 87' lang='lat' dir='ltr'><strong>ex</strong></span> <span class='ocrx_word' id='word_1_29' title='bbox 734 552 827 614; x_wconf 89' lang='lat' dir='ltr'><strong>Sintis</strong></span> <span class='ocrx_word' id='word_1_30' title='bbox 840 555 897 614; x_wconf 90' lang='lat' dir='ltr'><strong>tria</strong></span> <span class='ocrx_word' id='word_1_31' title='bbox 912 555 993 616; x_wconf 92' lang='lat' dir='ltr'><strong>milia</strong></span> <span class='ocrx_word' id='word_1_32' title='bbox 1003 556 1095 618; x_wconf 87' lang='lat' dir='ltr'><strong>Thra·</strong></span> 
     </span>
     <span class='ocr_line' id='line_1_5' title="bbox 115 632 1152 716; baseline 0.005 -20"><span class='ocrx_word' id='word_1_33' title='bbox 115 652 187 696; x_wconf 90' lang='lat' dir='ltr'><strong>cum</strong></span> <span class='ocrx_word' id='word_1_34' title='bbox 208 632 374 697; x_wconf 88' lang='lat' dir='ltr'><strong>liberorum</strong></span> <span class='ocrx_word' id='word_1_35' title='bbox 396 651 485 696; x_wconf 89' lang='lat' dir='ltr'><strong>suum</strong></span> <span class='ocrx_word' id='word_1_36' title='bbox 507 635 617 697; x_wconf 87' lang='lat' dir='ltr'><strong>ducem</strong></span> <span class='ocrx_word' id='word_1_37' title='bbox 639 636 800 698; x_wconf 85' lang='lat' dir='ltr'><strong>habebam.</strong></span> <span class='ocrx_word' id='word_1_38' title='bbox 829 637 1018 700; x_wconf 83' lang='lat' dir='ltr'><strong>Cretensium</strong></span> <span class='ocrx_word' id='word_1_39' title='bbox 1040 655 1097 716; x_wconf 86' lang='lat' dir='ltr'><strong>par</strong></span> <span class='ocrx_word' id='word_1_40' title='bbox 1151 661 1152 664; x_wconf 42' lang='lat'>¹</span> 
     </span>
     <span class='ocr_line' id='line_1_6' title="bbox 116 719 1094 796; baseline 0.004 -15"><span class='ocrx_word' id='word_1_41' title='bbox 116 735 200 796; x_wconf 89' lang='lat' dir='ltr'><strong>pene</strong></span> <span class='ocrx_word' id='word_1_42' title='bbox 220 723 366 780; x_wconf 82' lang='lat' dir='ltr'><strong>numerus</strong></span> <span class='ocrx_word' id='word_1_43' title='bbox 387 735 462 781; x_wconf 90' lang='lat' dir='ltr'><strong>suos</strong></span> <span class='ocrx_word' id='word_1_44' title='bbox 478 719 787 795; x_wconf 85' lang='lat' dir='ltr'><strong>ducessequebatur,</strong></span> <span class='ocrx_word' id='word_1_45' title='bbox 809 720 922 782; x_wconf 87' lang='lat' dir='ltr'><strong>Susum</strong></span> <span class='ocrx_word' id='word_1_46' title='bbox 935 722 1094 784; x_wconf 87' lang='lat' dir='ltr'><strong>Phalasar-</strong></span> 
     </span>
     <span class='ocr_line' id='line_1_7' title="bbox 114 801 1094 882; baseline 0.004 -18"><span class='ocrx_word' id='word_1_47' title='bbox 114 819 208 864; x_wconf 88' lang='lat' dir='ltr'><strong>neum</strong></span> <span class='ocrx_word' id='word_1_48' title='bbox 227 809 258 864; x_wconf 87' lang='lat' dir='ltr'><strong>et</strong></span> <span class='ocrx_word' id='word_1_49' title='bbox 276 801 395 882; x_wconf 79' lang='lat' dir='ltr'><strong>Syllum</strong></span> <span class='ocrx_word' id='word_1_50' title='bbox 417 803 574 865; x_wconf 88' lang='lat' dir='ltr'><strong>Gnosium.</strong></span> <span class='ocrx_word' id='word_1_51' title='bbox 601 811 632 864; x_wconf 90' lang='lat' dir='ltr'><strong>et</strong></span> <span class='ocrx_word' id='word_1_52' title='bbox 650 803 802 865; x_wconf 83' lang='lat' dir='ltr'><strong>Leonides</strong></span> <span class='ocrx_word' id='word_1_53' title='bbox 831 803 1094 868; x_wconf 82' lang='lat' dir='ltr'><strong>Lacedaemonius</strong></span> 
     </span>
     <span class='ocr_line' id='line_1_8' title="bbox 115 885 1094 965; baseline 0.001 -19"><span class='ocrx_word' id='word_1_54' title='bbox 115 885 291 964; x_wconf 79' lang='lat' dir='ltr'><strong>quingentis</strong></span> <span class='ocrx_word' id='word_1_55' title='bbox 307 901 346 946; x_wconf 87' lang='lat' dir='ltr'><strong>ex</strong></span> <span class='ocrx_word' id='word_1_56' title='bbox 360 885 503 960; x_wconf 83' lang='lat' dir='ltr'><strong>Graecia,</strong></span> <span class='ocrx_word' id='word_1_57' title='bbox 526 885 622 948; x_wconf 90' lang='lat' dir='ltr'><strong>mixto</strong></span> <span class='ocrx_word' id='word_1_58' title='bbox 635 885 741 962; x_wconf 81' lang='lat' dir='ltr'><strong>generi</strong></span> <span class='ocrx_word' id='word_1_59' title='bbox 755 886 921 963; x_wconf 91' lang='lat' dir='ltr'><strong>hominum,</strong></span> <span class='ocrx_word' id='word_1_60' title='bbox 944 896 1094 965; x_wconf 88' lang='lat' dir='ltr'><strong>praeerat.</strong></span> 
     </span>
     <span class='ocr_line' id='line_1_9' title="bbox 113 969 1107 1048; baseline 0.006 -18"><span class='ocrx_word' id='word_1_61' title='bbox 113 969 192 1045; x_wconf 81' lang='lat' dir='ltr'><strong>regii</strong></span> <span class='ocrx_word' id='word_1_62' title='bbox 206 971 232 1030; x_wconf 94' lang='lat' dir='ltr'><strong>is</strong></span> <span class='ocrx_word' id='word_1_63' title='bbox 247 970 369 1045; x_wconf 81' lang='lat' dir='ltr'><strong>generis</strong></span> <span class='ocrx_word' id='word_1_64' title='bbox 387 970 557 1047; x_wconf 86' lang='lat' dir='ltr'><strong>ferebatur,</strong></span> <span class='ocrx_word' id='word_1_65' title='bbox 578 973 666 1032; x_wconf 88' lang='lat' dir='ltr'><strong>exsul</strong></span> <span class='ocrx_word' id='word_1_66' title='bbox 682 971 842 1032; x_wconf 87' lang='lat' dir='ltr'><strong>damnatus</strong></span> <span class='ocrx_word' id='word_1_67' title='bbox 857 971 1008 1048; x_wconf 84' lang='lat' dir='ltr'><strong>hequenti</strong></span> <span class='ocrx_word' id='word_1_68' title='bbox 1022 989 1107 1037; x_wconf 59' lang='lat' dir='ltr'><strong>conr</strong></span> 
     </span>
     <span class='ocr_line' id='line_1_10' title="bbox 114 1051 1094 1131; baseline 0.002 -17"><span class='ocrx_word' id='word_1_69' title='bbox 114 1054 186 1114; x_wconf 89' lang='lat' dir='ltr'><strong>cilio</strong></span> <span class='ocrx_word' id='word_1_70' title='bbox 200 1051 403 1128; x_wconf 78' lang='lat' dir='ltr'><strong>Achaeorum,</strong></span> <span class='ocrx_word' id='word_1_71' title='bbox 418 1054 525 1114; x_wconf 91' lang='lat' dir='ltr'><strong>litteris</strong></span> <span class='ocrx_word' id='word_1_72' title='bbox 541 1055 581 1114; x_wconf 89' lang='lat' dir='ltr'><strong>ad</strong></span> <span class='ocrx_word' id='word_1_73' title='bbox 598 1053 711 1115; x_wconf 87' lang='lat' dir='ltr'><strong>Persea</strong></span> <span class='ocrx_word' id='word_1_74' title='bbox 726 1054 899 1131; x_wconf 88' lang='lat' dir='ltr'><strong>deprensis.</strong></span> <span class='ocrx_word' id='word_1_75' title='bbox 914 1055 1094 1118; x_wconf 79' lang='lat' dir='ltr'><strong>Aetolorum</strong></span> 
     </span>
     <span class='ocr_line' id='line_1_11' title="bbox 115 1136 1095 1215; baseline 0.001 -16"><span class='ocrx_word' id='word_1_76' title='bbox 115 1137 349 1215; x_wconf 88' lang='lat' dir='ltr'><strong>etBoeetorum,</strong></span> <span class='ocrx_word' id='word_1_77' title='bbox 361 1136 414 1214; x_wconf 88' lang='lat' dir='ltr'><strong>qui</strong></span> <span class='ocrx_word' id='word_1_78' title='bbox 424 1153 487 1199; x_wconf 90' lang='lat' dir='ltr'><strong>non</strong></span> <span class='ocrx_word' id='word_1_79' title='bbox 499 1138 665 1213; x_wconf 89' lang='lat' dir='ltr'><strong>explebant</strong></span> <span class='ocrx_word' id='word_1_80' title='bbox 677 1139 746 1213; x_wconf 90' lang='lat' dir='ltr'><strong>plus</strong></span> <span class='ocrx_word' id='word_1_81' title='bbox 758 1153 850 1213; x_wconf 88' lang='lat' dir='ltr'><strong>quam</strong></span> <span class='ocrx_word' id='word_1_82' title='bbox 858 1139 1095 1215; x_wconf 77' lang='lat' dir='ltr'><strong>quingentorum</strong></span> 
     </span>
     <span class='ocr_line' id='line_1_12' title="bbox 115 1220 1094 1300; baseline -0.001 -16"><span class='ocrx_word' id='word_1_83' title='bbox 115 1236 223 1284; x_wconf 89' lang='lat' dir='ltr'><strong>omnes</strong></span> <span class='ocrx_word' id='word_1_84' title='bbox 244 1234 419 1296; x_wconf 89' lang='lat' dir='ltr'><strong>numerum,</strong></span> <span class='ocrx_word' id='word_1_85' title='bbox 439 1221 524 1300; x_wconf 76' lang='lat' dir='ltr'><strong>Lyco</strong></span> <span class='ocrx_word' id='word_1_86' title='bbox 538 1220 683 1281; x_wconf 88' lang='lat' dir='ltr'><strong>Achaeus</strong></span> <span class='ocrx_word' id='word_1_87' title='bbox 704 1223 879 1297; x_wconf 86' lang='lat' dir='ltr'><strong>praelectus</strong></span> <span class='ocrx_word' id='word_1_88' title='bbox 894 1231 968 1283; x_wconf 88' lang='lat' dir='ltr'><strong>erat.</strong></span> <span class='ocrx_word' id='word_1_89' title='bbox 991 1237 1032 1284; x_wconf 92' lang='lat' dir='ltr'><strong>ex</strong></span> <span class='ocrx_word' id='word_1_90' title='bbox 1045 1222 1094 1284; x_wconf 91' lang='lat' dir='ltr'><strong>his</strong></span> 
     </span>
     <span class='ocr_line' id='line_1_13' title="bbox 113 1303 1095 1381; baseline 0.001 -16"><span class='ocrx_word' id='word_1_91' title='bbox 113 1303 217 1366; x_wconf 85' lang='lat' dir='ltr'><strong>mixtis</strong></span> <span class='ocrx_word' id='word_1_92' title='bbox 231 1311 277 1366; x_wconf 88' lang='lat' dir='ltr'><strong>tet</strong></span> <span class='ocrx_word' id='word_1_93' title='bbox 291 1306 483 1381; x_wconf 87' lang='lat' dir='ltr'><strong>populorum,</strong></span> <span class='ocrx_word' id='word_1_94' title='bbox 498 1311 543 1366; x_wconf 91' lang='lat' dir='ltr'><strong>tot</strong></span> <span class='ocrx_word' id='word_1_95' title='bbox 555 1305 689 1379; x_wconf 70' lang='lat' dir='ltr'><strong>gentium</strong></span> <span class='ocrx_word' id='word_1_96' title='bbox 704 1304 825 1365; x_wconf 89' lang='lat' dir='ltr'><strong>auxiliis</strong></span> <span class='ocrx_word' id='word_1_97' title='bbox 838 1304 1002 1367; x_wconf 88' lang='lat' dir='ltr'><strong>duodecim</strong></span> <span class='ocrx_word' id='word_1_98' title='bbox 1012 1307 1095 1366; x_wconf 90' lang='lat' dir='ltr'><strong>milia</strong></span> 
     </span>
     <span class='ocr_line' id='line_1_14' title="bbox 114 1386 1092 1463; baseline 0 -15"><span class='ocrx_word' id='word_1_99' title='bbox 114 1394 298 1448; x_wconf 87' lang='lat' dir='ltr'><strong>armatorum</strong></span> <span class='ocrx_word' id='word_1_100' title='bbox 313 1389 408 1449; x_wconf 84' lang='lat' dir='ltr'><strong>terme</strong></span> <span class='ocrx_word' id='word_1_101' title='bbox 423 1386 643 1449; x_wconf 83' lang='lat' dir='ltr'><strong>efficiebantur.</strong></span> <span class='ocrx_word' id='word_1_102' title='bbox 667 1388 802 1463; x_wconf 85' lang='lat' dir='ltr'><strong>equitum</strong></span> <span class='ocrx_word' id='word_1_103' title='bbox 817 1403 858 1448; x_wconf 91' lang='lat' dir='ltr'><strong>ex</strong></span> <span class='ocrx_word' id='word_1_104' title='bbox 871 1392 935 1450; x_wconf 90' lang='lat' dir='ltr'><strong>tota</strong></span> <span class='ocrx_word' id='word_1_105' title='bbox 949 1389 1092 1449; x_wconf 89' lang='lat' dir='ltr'><strong>Macedo·</strong></span> 
     </span>
     <span class='ocr_line' id='line_1_15' title="bbox 112 1469 1095 1548; baseline 0.002 -16"><span class='ocrx_word' id='word_1_106' title='bbox 112 1471 166 1533; x_wconf 89' lang='lat' dir='ltr'><strong>nia</strong></span> <span class='ocrx_word' id='word_1_107' title='bbox 186 1478 381 1532; x_wconf 85' lang='lat' dir='ltr'><strong>contraxerat</strong></span> <span class='ocrx_word' id='word_1_108' title='bbox 402 1471 458 1531; x_wconf 88' lang='lat' dir='ltr'><strong>tria</strong></span> <span class='ocrx_word' id='word_1_109' title='bbox 473 1470 564 1531; x_wconf 90' lang='lat' dir='ltr'><strong>milia.</strong></span> <span class='ocrx_word' id='word_1_110' title='bbox 584 1477 711 1532; x_wconf 89' lang='lat' dir='ltr'><strong>venerat</strong></span> <span class='ocrx_word' id='word_1_111' title='bbox 724 1471 834 1532; x_wconf 89' lang='lat' dir='ltr'><strong>eodem</strong></span> <span class='ocrx_word' id='word_1_112' title='bbox 849 1471 945 1548; x_wconf 76' lang='lat' dir='ltr'><strong>cotys</strong></span> <span class='ocrx_word' id='word_1_113' title='bbox 960 1469 1095 1534; x_wconf 78' lang='lat' dir='ltr'><strong>Securae</strong></span> 
     </span>
     <span class='ocr_line' id='line_1_16' title="bbox 112 1551 1093 1633; baseline 0 -17"><span class='ocrx_word' id='word_1_114' title='bbox 112 1555 205 1629; x_wconf 84' lang='lat' dir='ltr'><strong>dlius,</strong></span> <span class='ocrx_word' id='word_1_115' title='bbox 219 1571 275 1616; x_wconf 89' lang='lat' dir='ltr'><strong>rex</strong></span> <span class='ocrx_word' id='word_1_116' title='bbox 289 1553 388 1632; x_wconf 80' lang='lat' dir='ltr'><strong>gentis</strong></span> <span class='ocrx_word' id='word_1_117' title='bbox 404 1551 602 1633; x_wconf 82' lang='lat' dir='ltr'><strong>Odrysarum,</strong></span> <span class='ocrx_word' id='word_1_118' title='bbox 619 1571 688 1615; x_wconf 90' lang='lat' dir='ltr'><strong>cum</strong></span> <span class='ocrx_word' id='word_1_119' title='bbox 699 1555 780 1615; x_wconf 89' lang='lat' dir='ltr'><strong>mille</strong></span> <span class='ocrx_word' id='word_1_120' title='bbox 791 1555 919 1618; x_wconf 89' lang='lat' dir='ltr'><strong>delectis</strong></span> <span class='ocrx_word' id='word_1_121' title='bbox 930 1557 1093 1632; x_wconf 87' lang='lat' dir='ltr'><strong>equitibus,</strong></span> 
     </span>
     <span class='ocr_line' id='line_1_17' title="bbox 114 1637 1094 1716; baseline 0.001 -17"><span class='ocrx_word' id='word_1_122' title='bbox 114 1640 182 1716; x_wconf 92' lang='lat' dir='ltr'><strong>pari</strong></span> <span class='ocrx_word' id='word_1_123' title='bbox 203 1640 298 1700; x_wconf 84' lang='lat' dir='ltr'><strong>terme</strong></span> <span class='ocrx_word' id='word_1_124' title='bbox 320 1639 455 1714; x_wconf 90' lang='lat' dir='ltr'><strong>peditum</strong></span> <span class='ocrx_word' id='word_1_125' title='bbox 475 1653 612 1699; x_wconf 86' lang='lat' dir='ltr'><strong>nurnero.</strong></span> <span class='ocrx_word' id='word_1_126' title='bbox 640 1637 682 1698; x_wconf 91' lang='lat' dir='ltr'><strong>ita</strong></span> <span class='ocrx_word' id='word_1_127' title='bbox 697 1653 816 1699; x_wconf 89' lang='lat' dir='ltr'><strong>summa</strong></span> <span class='ocrx_word' id='word_1_128' title='bbox 828 1638 923 1701; x_wconf 86' lang='lat' dir='ltr'><strong>totius</strong></span> <span class='ocrx_word' id='word_1_129' title='bbox 938 1638 1094 1702; x_wconf 87' lang='lat' dir='ltr'><strong>exercitus</strong></span> 
     </span>
     <span class='ocr_line' id='line_1_18' title="bbox 112 1721 1092 1800; baseline -0.006 -14"><span class='ocrx_word' id='word_1_130' title='bbox 112 1721 236 1798; x_wconf 78' lang='lat' dir='ltr'><strong>triginta</strong></span> <span class='ocrx_word' id='word_1_131' title='bbox 259 1737 371 1783; x_wconf 91' lang='lat' dir='ltr'><strong>novem</strong></span> <span class='ocrx_word' id='word_1_132' title='bbox 393 1721 474 1782; x_wconf 90' lang='lat' dir='ltr'><strong>milia</strong></span> <span class='ocrx_word' id='word_1_133' title='bbox 499 1721 635 1798; x_wconf 92' lang='lat' dir='ltr'><strong>peditum</strong></span> <span class='ocrx_word' id='word_1_134' title='bbox 657 1730 756 1796; x_wconf 89' lang='lat' dir='ltr'><strong>erant,</strong></span> <span class='ocrx_word' id='word_1_135' title='bbox 783 1729 927 1798; x_wconf 84' lang='lat' dir='ltr'><strong>quattuor</strong></span> <span class='ocrx_word' id='word_1_136' title='bbox 946 1721 1092 1800; x_wconf 89' lang='lat' dir='ltr'><strong>equitum.</strong></span> 
     </span>
     <span class='ocr_line' id='line_1_19' title="bbox 114 1803 1092 1882; baseline -0.003 -14"><span class='ocrx_word' id='word_1_137' title='bbox 114 1806 190 1868; x_wconf 89' lang='lat' dir='ltr'><strong>satis</strong></span> <span class='ocrx_word' id='word_1_138' title='bbox 206 1805 381 1878; x_wconf 86' lang='lat' dir='ltr'><strong>constabat,</strong></span> <span class='ocrx_word' id='word_1_139' title='bbox 403 1807 574 1868; x_wconf 90' lang='lat' dir='ltr'><strong>secundum</strong></span> <span class='ocrx_word' id='word_1_140' title='bbox 589 1820 659 1866; x_wconf 89' lang='lat' dir='ltr'><strong>eum</strong></span> <span class='ocrx_word' id='word_1_141' title='bbox 672 1803 840 1866; x_wconf 86' lang='lat' dir='ltr'><strong>exereitum</strong></span> <span class='ocrx_word' id='word_1_142' title='bbox 855 1823 947 1881; x_wconf 87' lang='lat' dir='ltr'><strong>quem</strong></span> <span class='ocrx_word' id='word_1_143' title='bbox 963 1821 1092 1882; x_wconf 77' lang='lat' dir='ltr'><strong>magnus</strong></span> 
     </span>
     <span class='ocr_line' id='line_1_20' title="bbox 116 1887 1092 1964; baseline -0.005 -11"><span class='ocrx_word' id='word_1_144' title='bbox 116 1889 290 1954; x_wconf 80' lang='lat' dir='ltr'><strong>Alexander</strong></span> <span class='ocrx_word' id='word_1_145' title='bbox 307 1890 337 1949; x_wconf 92' lang='lat' dir='ltr'><strong>in</strong></span> <span class='ocrx_word' id='word_1_146' title='bbox 351 1888 456 1950; x_wconf 90' lang='lat' dir='ltr'><strong>Asiam</strong></span> <span class='ocrx_word' id='word_1_147' title='bbox 468 1888 593 1964; x_wconf 88' lang='lat' dir='ltr'><strong>traiecit,</strong></span> <span class='ocrx_word' id='word_1_148' title='bbox 609 1904 775 1964; x_wconf 86' lang='lat' dir='ltr'><strong>numquam</strong></span> <span class='ocrx_word' id='word_1_149' title='bbox 785 1887 878 1950; x_wconf 89' lang='lat' dir='ltr'><strong>ullius</strong></span> <span class='ocrx_word' id='word_1_150' title='bbox 889 1889 1092 1950; x_wconf 87' lang='lat' dir='ltr'><strong>Macedonum</strong></span> 
     </span>
     <span class='ocr_line' id='line_1_21' title="bbox 115 1970 1098 2050; baseline -0.002 -16"><span class='ocrx_word' id='word_1_151' title='bbox 115 1973 198 2050; x_wconf 79' lang='lat' dir='ltr'><strong>regis</strong></span> <span class='ocrx_word' id='word_1_152' title='bbox 218 1973 326 2049; x_wconf 83' lang='lat' dir='ltr'><strong>copias</strong></span> <span class='ocrx_word' id='word_1_153' title='bbox 347 1979 446 2034; x_wconf 65' lang='lat' dir='ltr'><strong>tantm</strong></span> <span class='ocrx_word' id='word_1_154' title='bbox 467 1973 574 2033; x_wconf 86' lang='lat' dir='ltr'><strong>tuisse.</strong></span> <span class='ocrx_word' id='word_1_155' title='bbox 603 1972 663 2031; x_wconf 79' lang='lat' dir='ltr'><strong>hll.</strong></span> <span class='ocrx_word' id='word_1_156' title='bbox 693 1978 799 2033; x_wconf 90' lang='lat' dir='ltr'><strong>sextus</strong></span> <span class='ocrx_word' id='word_1_157' title='bbox 815 1980 846 2034; x_wconf 93' lang='lat' dir='ltr'><strong>et</strong></span> <span class='ocrx_word' id='word_1_158' title='bbox 858 1970 1023 2036; x_wconf 89' lang='lat' dir='ltr'><strong>vicesimus</strong></span> <span class='ocrx_word' id='word_1_159' title='bbox 1039 1987 1098 2032; x_wconf 56' lang='lat' dir='ltr'><strong>an·v</strong></span> 
     </span>
     <span class='ocr_line' id='line_1_22' title="bbox 113 2055 1093 2133; baseline -0.004 -15"><span class='ocrx_word' id='word_1_160' title='bbox 113 2073 174 2118; x_wconf 91' lang='lat' dir='ltr'><strong>nus</strong></span> <span class='ocrx_word' id='word_1_161' title='bbox 189 2057 346 2132; x_wconf 77' lang='lat' dir='ltr'><strong>agebatur,</strong></span> <span class='ocrx_word' id='word_1_162' title='bbox 362 2071 475 2132; x_wconf 87' lang='lat' dir='ltr'><strong>exque</strong></span> <span class='ocrx_word' id='word_1_163' title='bbox 490 2055 604 2132; x_wconf 89' lang='lat' dir='ltr'><strong>petenti</strong></span> <span class='ocrx_word' id='word_1_164' title='bbox 618 2055 759 2132; x_wconf 88' lang='lat' dir='ltr'><strong>Philippu</strong></span> <span class='ocrx_word' id='word_1_165' title='bbox 775 2056 846 2118; x_wconf 87' lang='lat' dir='ltr'><strong>data</strong></span> <span class='ocrx_word' id='word_1_166' title='bbox 861 2071 923 2133; x_wconf 87' lang='lat' dir='ltr'><strong>pax</strong></span> <span class='ocrx_word' id='word_1_167' title='bbox 937 2064 1018 2118; x_wconf 70' lang='lat' dir='ltr'><strong>erat:</strong></span> <span class='ocrx_word' id='word_1_168' title='bbox 1037 2073 1093 2132; x_wconf 92' lang='lat' dir='ltr'><strong>per</strong></span> 
     </span>
     <span class='ocr_line' id='line_1_23' title="bbox 114 2138 1093 2216; baseline -0.002 -14"><span class='ocrx_word' id='word_1_169' title='bbox 114 2142 146 2202; x_wconf 90' lang='lat' dir='ltr'><strong>id</strong></span> <span class='ocrx_word' id='word_1_170' title='bbox 162 2155 252 2201; x_wconf 90' lang='lat' dir='ltr'><strong>omne</strong></span> <span class='ocrx_word' id='word_1_171' title='bbox 265 2147 387 2216; x_wconf 88' lang='lat' dir='ltr'><strong>tempus</strong></span> <span class='ocrx_word' id='word_1_172' title='bbox 403 2138 505 2216; x_wconf 88' lang='lat' dir='ltr'><strong>quieta</strong></span> <span class='ocrx_word' id='word_1_173' title='bbox 515 2139 697 2200; x_wconf 85' lang='lat' dir='ltr'><strong>Macedonia</strong></span> <span class='ocrx_word' id='word_1_174' title='bbox 710 2146 741 2199; x_wconf 90' lang='lat' dir='ltr'><strong>et</strong></span> <span class='ocrx_word' id='word_1_175' title='bbox 755 2140 934 2215; x_wconf 81' lang='lat' dir='ltr'><strong>progeniem</strong></span> <span class='ocrx_word' id='word_1_176' title='bbox 944 2140 1093 2212; x_wconf 88' lang='lat' dir='ltr'><strong>ediderat,</strong></span> 
     </span>
     <span class='ocr_line' id='line_1_24' title="bbox 113 2219 1091 2300; baseline -0.004 -15"><span class='ocrx_word' id='word_1_177' title='bbox 113 2224 202 2286; x_wconf 87' lang='lat' dir='ltr'><strong>cuius</strong></span> <span class='ocrx_word' id='word_1_178' title='bbox 216 2238 327 2300; x_wconf 79' lang='lat' dir='ltr'><strong>magna</strong></span> <span class='ocrx_word' id='word_1_179' title='bbox 342 2239 415 2299; x_wconf 89' lang='lat' dir='ltr'><strong>pars</strong></span> <span class='ocrx_word' id='word_1_180' title='bbox 429 2231 546 2284; x_wconf 86' lang='lat' dir='ltr'><strong>matura</strong></span> <span class='ocrx_word' id='word_1_181' title='bbox 559 2219 682 2282; x_wconf 89' lang='lat' dir='ltr'><strong>militiae</strong></span> <span class='ocrx_word' id='word_1_182' title='bbox 696 2228 794 2293; x_wconf 84' lang='lat' dir='ltr'><strong>esset,</strong></span> <span class='ocrx_word' id='word_1_183' title='bbox 823 2229 854 2284; x_wconf 90' lang='lat' dir='ltr'><strong>et</strong></span> <span class='ocrx_word' id='word_1_184' title='bbox 868 2221 987 2284; x_wconf 88' lang='lat' dir='ltr'><strong>levibus</strong></span> <span class='ocrx_word' id='word_1_185' title='bbox 1002 2220 1091 2282; x_wconf 88' lang='lat' dir='ltr'><strong>hellis</strong></span> 
     </span>
     <span class='ocr_line' id='line_1_25' title="bbox 90 2303 1090 2383; baseline -0.005 -14"><span class='ocrx_word' id='word_1_186' title='bbox 90 2303 98 2308; x_wconf 76' lang='grc'><strong>“</strong></span> <span class='ocrx_word' id='word_1_187' title='bbox 110 2309 262 2369; x_wconf 81' lang='lat' dir='ltr'><strong>Thracum</strong></span> <span class='ocrx_word' id='word_1_188' title='bbox 276 2310 459 2382; x_wconf 86' lang='lat' dir='ltr'><strong>accolarum,</strong></span> <span class='ocrx_word' id='word_1_189' title='bbox 476 2322 556 2382; x_wconf 89' lang='lat' dir='ltr'><strong>qnae</strong></span> <span class='ocrx_word' id='word_1_190' title='bbox 569 2311 748 2367; x_wconf 86' lang='lat' dir='ltr'><strong>exercerent</strong></span> <span class='ocrx_word' id='word_1_191' title='bbox 761 2305 859 2381; x_wconf 73' lang='lat' dir='ltr'><strong>magis</strong></span> <span class='ocrx_word' id='word_1_192' title='bbox 879 2321 971 2383; x_wconf 89' lang='lat' dir='ltr'><strong>quam</strong></span> <span class='ocrx_word' id='word_1_193' title='bbox 987 2305 1090 2380; x_wconf 77' lang='lat' dir='ltr'><strong>latiga-</strong></span> 
     </span>
     <span class='ocr_line' id='line_1_26' title="bbox 112 2388 1092 2466; baseline -0.002 -14"><span class='ocrx_word' id='word_1_194' title='bbox 112 2398 196 2466; x_wconf 89' lang='lat' dir='ltr'><strong>rcnt,</strong></span> <span class='ocrx_word' id='word_1_195' title='bbox 217 2391 277 2452; x_wconf 89' lang='lat' dir='ltr'><strong>sub</strong></span> <span class='ocrx_word' id='word_1_196' title='bbox 297 2392 428 2452; x_wconf 88' lang='lat' dir='ltr'><strong>adsidua</strong></span> <span class='ocrx_word' id='word_1_197' title='bbox 442 2398 541 2452; x_wconf 88' lang='lat' dir='ltr'><strong>tamen</strong></span> <span class='ocrx_word' id='word_1_198' title='bbox 556 2388 661 2450; x_wconf 92' lang='lat' dir='ltr'><strong>militia</strong></span> <span class='ocrx_word' id='word_1_199' title='bbox 675 2390 783 2451; x_wconf 89' lang='lat' dir='ltr'><strong>luerat.</strong></span> <span class='ocrx_word' id='word_1_200' title='bbox 804 2397 834 2450; x_wconf 89' lang='lat' dir='ltr'><strong>et</strong></span> <span class='ocrx_word' id='word_1_201' title='bbox 849 2390 901 2451; x_wconf 90' lang='lat' dir='ltr'><strong>diu</strong></span> <span class='ocrx_word' id='word_1_202' title='bbox 915 2389 1092 2450; x_wconf 88' lang='lat' dir='ltr'><strong>meditatum</strong></span> 
     </span>
     <span class='ocr_line' id='line_1_27' title="bbox 112 2470 1092 2552; baseline -0.005 -16"><span class='ocrx_word' id='word_1_203' title='bbox 112 2475 254 2552; x_wconf 85' lang='lat' dir='ltr'><strong>Philippo</strong></span> <span class='ocrx_word' id='word_1_204' title='bbox 270 2475 378 2551; x_wconf 89' lang='lat' dir='ltr'><strong>primo,</strong></span> <span class='ocrx_word' id='word_1_205' title='bbox 395 2475 506 2535; x_wconf 91' lang='lat' dir='ltr'><strong>deinde</strong></span> <span class='ocrx_word' id='word_1_206' title='bbox 521 2482 551 2535; x_wconf 89' lang='lat' dir='ltr'><strong>et</strong></span> <span class='ocrx_word' id='word_1_207' title='bbox 564 2473 668 2534; x_wconf 87' lang='lat' dir='ltr'><strong>Persei</strong></span> <span class='ocrx_word' id='word_1_208' title='bbox 678 2473 849 2535; x_wconf 86' lang='lat' dir='ltr'><strong>Romanum</strong></span> <span class='ocrx_word' id='word_1_209' title='bbox 862 2474 975 2537; x_wconf 88' lang='lat' dir='ltr'><strong>bellum</strong></span> <span class='ocrx_word' id='word_1_210' title='bbox 990 2470 1092 2534; x_wconf 89' lang='lat' dir='ltr'><strong>omnia</strong></span> 
     </span>
     <span class='ocr_line' id='line_1_28' title="bbox 110 2555 1092 2634; baseline -0.006 -14"><span class='ocrx_word' id='word_1_211' title='bbox 110 2565 147 2620; x_wconf 90' lang='lat' dir='ltr'><strong>ut</strong></span> <span class='ocrx_word' id='word_1_212' title='bbox 160 2559 307 2620; x_wconf 88' lang='lat' dir='ltr'><strong>instructa</strong></span> <span class='ocrx_word' id='word_1_213' title='bbox 328 2565 495 2634; x_wconf 88' lang='lat' dir='ltr'><strong>parataque</strong></span> <span class='ocrx_word' id='word_1_214' title='bbox 515 2565 621 2619; x_wconf 89' lang='lat' dir='ltr'><strong>essent</strong></span> <span class='ocrx_word' id='word_1_215' title='bbox 641 2555 794 2618; x_wconf 77' lang='lat' dir='ltr'><strong>effecerat.</strong></span> <span class='ocrx_word' id='word_1_216' title='bbox 823 2564 906 2619; x_wconf 89' lang='lat' dir='ltr'><strong>mota</strong></span> <span class='ocrx_word' id='word_1_217' title='bbox 926 2571 1092 2632; x_wconf 83' lang='lat' dir='ltr'><strong>parumper</strong></span> 
     </span>
     <span class='ocr_line' id='line_1_29' title="bbox 112 2639 1090 2716; baseline -0.007 -12"><span class='ocrx_word' id='word_1_218' title='bbox 112 2643 207 2716; x_wconf 87' lang='lat' dir='ltr'><strong>acies,</strong></span> <span class='ocrx_word' id='word_1_219' title='bbox 222 2658 284 2702; x_wconf 91' lang='lat' dir='ltr'><strong>non</strong></span> <span class='ocrx_word' id='word_1_220' title='bbox 299 2643 380 2704; x_wconf 88' lang='lat' dir='ltr'><strong>iusto</strong></span> <span class='ocrx_word' id='word_1_221' title='bbox 396 2643 528 2704; x_wconf 90' lang='lat' dir='ltr'><strong>decursu</strong></span> <span class='ocrx_word' id='word_1_222' title='bbox 543 2649 654 2714; x_wconf 89' lang='lat' dir='ltr'><strong>tamen,</strong></span> <span class='ocrx_word' id='word_1_223' title='bbox 675 2656 714 2700; x_wconf 89' lang='lat' dir='ltr'><strong>ne</strong></span> <span class='ocrx_word' id='word_1_224' title='bbox 729 2641 853 2702; x_wconf 89' lang='lat' dir='ltr'><strong>stetisse</strong></span> <span class='ocrx_word' id='word_1_225' title='bbox 867 2647 982 2702; x_wconf 84' lang='lat' dir='ltr'><strong>tantuna</strong></span> <span class='ocrx_word' id='word_1_226' title='bbox 997 2639 1027 2700; x_wconf 93' lang='lat' dir='ltr'><strong>in</strong></span> <span class='ocrx_word' id='word_1_227' title='bbox 1042 2655 1090 2700; x_wconf 89' lang='lat' dir='ltr'><strong>ur-</strong></span> 
     </span>
     <span class='ocr_line' id='line_1_30' title="bbox 112 2722 1090 2801; baseline -0.006 -14"><span class='ocrx_word' id='word_1_228' title='bbox 112 2724 172 2787; x_wconf 91' lang='lat' dir='ltr'><strong>mis</strong></span> <span class='ocrx_word' id='word_1_229' title='bbox 190 2726 383 2796; x_wconf 83' lang='lat' dir='ltr'><strong>viderentur;</strong></span> <span class='ocrx_word' id='word_1_230' title='bbox 407 2733 618 2801; x_wconf 89' lang='lat' dir='ltr'><strong>armatosque,</strong></span> <span class='ocrx_word' id='word_1_231' title='bbox 640 2722 720 2784; x_wconf 90' lang='lat' dir='ltr'><strong>sicut</strong></span> <span class='ocrx_word' id='word_1_232' title='bbox 739 2731 839 2797; x_wconf 87' lang='lat' dir='ltr'><strong>erant,</strong></span> <span class='ocrx_word' id='word_1_233' title='bbox 862 2724 902 2782; x_wconf 91' lang='lat' dir='ltr'><strong>ad</strong></span> <span class='ocrx_word' id='word_1_234' title='bbox 917 2723 1090 2785; x_wconf 90' lang='lat' dir='ltr'><strong>contionem</strong></span> 
     </span>
    </p>
   </div>
   <div class='ocr_carea' id='block_1_3' title="bbox 113 2805 1189 2886">
    <p class='ocr_par' dir='ltr' id='par_1_3' title="bbox 113 2805 1189 2886">
     <span class='ocr_line' id='line_1_31' title="bbox 113 2805 1189 2886; baseline -0.007 -16"><span class='ocrx_word' id='word_1_235' title='bbox 113 2808 245 2871; x_wconf 88' lang='lat' dir='ltr'><strong>vocavit.</strong></span> <span class='ocrx_word' id='word_1_236' title='bbox 267 2808 335 2886; x_wconf 88' lang='lat' dir='ltr'><strong>ipse</strong></span> <span class='ocrx_word' id='word_1_237' title='bbox 350 2808 485 2870; x_wconf 88' lang='lat' dir='ltr'><strong>constitit</strong></span> <span class='ocrx_word' id='word_1_238' title='bbox 498 2807 529 2868; x_wconf 92' lang='lat' dir='ltr'><strong>in</strong></span> <span class='ocrx_word' id='word_1_239' title='bbox 544 2805 701 2880; x_wconf 86' lang='lat' dir='ltr'><strong>tribunali,</strong></span> <span class='ocrx_word' id='word_1_240' title='bbox 728 2807 811 2866; x_wconf 89' lang='lat' dir='ltr'><strong>circa</strong></span> <span class='ocrx_word' id='word_1_241' title='bbox 825 2821 861 2866; x_wconf 86' lang='lat' dir='ltr'><strong>se</strong></span> <span class='ocrx_word' id='word_1_242' title='bbox 874 2805 993 2866; x_wconf 89' lang='lat' dir='ltr'><strong>habens</strong></span> <span class='ocrx_word' id='word_1_243' title='bbox 1008 2805 1090 2864; x_wconf 85' lang='lat' dir='ltr'><strong>tilios</strong></span> <span class='ocrx_word' id='word_1_244' title='bbox 1184 2863 1189 2873; x_wconf 84' lang='grc'><em>,</em></span> 
     </span>
    </p>
   </div>
   <div class='ocr_carea' id='block_1_4' title="bbox 112 2888 1165 3554">
    <p class='ocr_par' dir='ltr' id='par_1_4' title="bbox 112 2888 1165 3554">
     <span class='ocr_line' id='line_1_32' title="bbox 113 2888 1090 2969; baseline -0.006 -15"><span class='ocrx_word' id='word_1_245' title='bbox 113 2894 193 2954; x_wconf 90' lang='lat' dir='ltr'><strong>duos</strong></span> <span class='ocrx_word' id='word_1_246' title='bbox 206 2891 232 2967; x_wconf 76' lang='lat'><strong>*,</strong></span> <span class='ocrx_word' id='word_1_247' title='bbox 250 2909 379 2969; x_wconf 89' lang='lat' dir='ltr'><strong>quorum</strong></span> <span class='ocrx_word' id='word_1_248' title='bbox 394 2893 491 2952; x_wconf 88' lang='lat' dir='ltr'><strong>maior</strong></span> <span class='ocrx_word' id='word_1_249' title='bbox 504 2891 663 2967; x_wconf 84' lang='lat' dir='ltr'><strong>Philippus</strong></span> <span class='ocrx_word' id='word_1_250' title='bbox 678 2896 786 2950; x_wconf 88' lang='lat' dir='ltr'><strong>natura</strong></span> <span class='ocrx_word' id='word_1_251' title='bbox 801 2890 900 2963; x_wconf 84' lang='lat' dir='ltr'><strong>trater,</strong></span> <span class='ocrx_word' id='word_1_252' title='bbox 923 2888 1090 2964; x_wconf 86' lang='lat' dir='ltr'><strong>adoptione</strong></span> 
     </span>
     <span class='ocr_line' id='line_1_33' title="bbox 112 2972 1090 3052; baseline -0.008 -14"><span class='ocrx_word' id='word_1_253' title='bbox 112 2977 205 3052; x_wconf 86' lang='lat' dir='ltr'><strong>filius,</strong></span> <span class='ocrx_word' id='word_1_254' title='bbox 220 2977 328 3050; x_wconf 89' lang='lat' dir='ltr'><strong>minor,</strong></span> <span class='ocrx_word' id='word_1_255' title='bbox 351 2991 442 3052; x_wconf 88' lang='lat' dir='ltr'><strong>quem</strong></span> <span class='ocrx_word' id='word_1_256' title='bbox 457 2974 664 3037; x_wconf 77' lang='lat' dir='ltr'><strong>Alexandrum</strong></span> <span class='ocrx_word' id='word_1_257' title='bbox 680 2973 839 3047; x_wconf 81' lang='lat' dir='ltr'><strong>vocabant,</strong></span> <span class='ocrx_word' id='word_1_258' title='bbox 854 2972 1000 3034; x_wconf 89' lang='lat' dir='ltr'><strong>naturalis</strong></span> <span class='ocrx_word' id='word_1_259' title='bbox 1015 2978 1090 3032; x_wconf 88' lang='lat' dir='ltr'><strong>erat.</strong></span> 
     </span>
     <span class='ocr_line' id='line_1_34' title="bbox 115 3055 1089 3133; baseline -0.005 -12"><span class='ocrx_word' id='word_1_260' title='bbox 115 3060 293 3122; x_wconf 84' lang='lat' dir='ltr'><strong>cohortatus</strong></span> <span class='ocrx_word' id='word_1_261' title='bbox 308 3067 356 3122; x_wconf 90' lang='lat' dir='ltr'><strong>est</strong></span> <span class='ocrx_word' id='word_1_262' title='bbox 370 3059 478 3120; x_wconf 87' lang='lat' dir='ltr'><strong>milites</strong></span> <span class='ocrx_word' id='word_1_263' title='bbox 493 3060 534 3118; x_wconf 91' lang='lat' dir='ltr'><strong>ad</strong></span> <span class='ocrx_word' id='word_1_264' title='bbox 546 3057 675 3128; x_wconf 86' lang='lat' dir='ltr'><strong>bellum;</strong></span> <span class='ocrx_word' id='word_1_265' title='bbox 691 3055 828 3117; x_wconf 89' lang='lat' dir='ltr'><strong>iniuriam</strong></span> <span class='ocrx_word' id='word_1_266' title='bbox 841 3056 948 3133; x_wconf 90' lang='lat' dir='ltr'><strong>populi</strong></span> <span class='ocrx_word' id='word_1_267' title='bbox 959 3056 1089 3117; x_wconf 88' lang='lat' dir='ltr'><strong>Romani</strong></span> 
     </span>
     <span class='ocr_line' id='line_1_35' title="bbox 113 3137 1088 3220; baseline -0.006 -16"><span class='ocrx_word' id='word_1_268' title='bbox 113 3143 145 3204; x_wconf 93' lang='lat' dir='ltr'><strong>in</strong></span> <span class='ocrx_word' id='word_1_269' title='bbox 161 3149 277 3219; x_wconf 85' lang='lat' dir='ltr'><strong>patrem</strong></span> <span class='ocrx_word' id='word_1_270' title='bbox 298 3159 396 3220; x_wconf 87' lang='lat' dir='ltr'><strong>seque</strong></span> <span class='ocrx_word' id='word_1_271' title='bbox 417 3139 674 3204; x_wconf 80' lang='lat' dir='ltr'><strong>commemoravit</strong></span> <span class='ocrx_word' id='word_1_272' title='bbox 695 3137 778 3202; x_wconf 92' lang='lat' dir='ltr'><strong>illum</strong></span> <span class='ocrx_word' id='word_1_273' title='bbox 802 3139 944 3202; x_wconf 86' lang='lat' dir='ltr'><strong>omnihus</strong></span> <span class='ocrx_word' id='word_1_274' title='bbox 959 3139 1088 3215; x_wconf 80' lang='lat' dir='ltr'><strong>indigni-</strong></span> 
     </span>
     <span class='ocr_line' id='line_1_36' title="bbox 113 3220 1165 3303; baseline -0.003 -15"><span class='ocrx_word' id='word_1_275' title='bbox 113 3227 226 3288; x_wconf 89' lang='lat' dir='ltr'><strong>tatibus</strong></span> <span class='ocrx_word' id='word_1_276' title='bbox 241 3229 435 3303; x_wconf 86' lang='lat' dir='ltr'><strong>compulsum</strong></span> <span class='ocrx_word' id='word_1_277' title='bbox 450 3226 490 3287; x_wconf 89' lang='lat' dir='ltr'><strong>ad</strong></span> <span class='ocrx_word' id='word_1_278' title='bbox 503 3225 720 3296; x_wconf 86' lang='lat' dir='ltr'><strong>rebellandum,</strong></span> <span class='ocrx_word' id='word_1_279' title='bbox 736 3224 813 3285; x_wconf 87' lang='lat' dir='ltr'><strong>inter</strong></span> <span class='ocrx_word' id='word_1_280' title='bbox 826 3230 1006 3300; x_wconf 89' lang='lat' dir='ltr'><strong>apparatum</strong></span> <span class='ocrx_word' id='word_1_281' title='bbox 1017 3220 1089 3285; x_wconf 89' lang='lat' dir='ltr'><strong>belli</strong></span> <span class='ocrx_word' id='word_1_282' title='bbox 1164 3296 1165 3300; x_wconf 7' lang='grc' dir='ltr'><strong>Ἰ</strong></span> 
     </span>
     <span class='ocr_line' id='line_1_37' title="bbox 113 3306 1088 3387; baseline -0.007 -16"><span class='ocrx_word' id='word_1_283' title='bbox 113 3312 175 3373; x_wconf 82' lang='lat' dir='ltr'><strong>rute</strong></span> <span class='ocrx_word' id='word_1_284' title='bbox 192 3325 391 3387; x_wconf 82' lang='lat' dir='ltr'><strong>oppressum=</strong></span> <span class='ocrx_word' id='word_1_285' title='bbox 413 3310 453 3370; x_wconf 90' lang='lat' dir='ltr'><strong>ad</strong></span> <span class='ocrx_word' id='word_1_286' title='bbox 467 3325 503 3370; x_wconf 90' lang='lat' dir='ltr'><strong>se</strong></span> <span class='ocrx_word' id='word_1_287' title='bbox 517 3309 605 3369; x_wconf 89' lang='lat' dir='ltr'><strong>simul</strong></span> <span class='ocrx_word' id='word_1_288' title='bbox 620 3309 738 3384; x_wconf 81' lang='lat' dir='ltr'><strong>legatos</strong></span> <span class='ocrx_word' id='word_1_289' title='bbox 753 3308 843 3370; x_wconf 90' lang='lat' dir='ltr'><strong>simul</strong></span> <span class='ocrx_word' id='word_1_290' title='bbox 856 3306 966 3369; x_wconf 86' lang='lat' dir='ltr'><strong>milites</strong></span> <span class='ocrx_word' id='word_1_291' title='bbox 981 3306 1021 3366; x_wconf 88' lang='lat' dir='ltr'><strong>ad</strong></span> <span class='ocrx_word' id='word_1_292' title='bbox 1036 3320 1088 3365; x_wconf 85' lang='lat' dir='ltr'><strong>oe-</strong></span> 
     </span>
     <span class='ocr_line' id='line_1_38' title="bbox 114 3387 1092 3471; baseline -0.011 -16"><span class='ocrx_word' id='word_1_293' title='bbox 114 3395 273 3471; x_wconf 89' lang='lat' dir='ltr'><strong>eupandas</strong></span> <span class='ocrx_word' id='word_1_294' title='bbox 295 3391 440 3455; x_wconf 87' lang='lat' dir='ltr'><strong>Graeciae</strong></span> <span class='ocrx_word' id='word_1_295' title='bbox 460 3391 553 3453; x_wconf 87' lang='lat' dir='ltr'><strong>urbes</strong></span> <span class='ocrx_word' id='word_1_296' title='bbox 573 3392 695 3453; x_wconf 89' lang='lat' dir='ltr'><strong>missos.</strong></span> <span class='ocrx_word' id='word_1_297' title='bbox 725 3391 824 3452; x_wconf 86' lang='lat' dir='ltr'><strong>inllaei</strong></span> <span class='ocrx_word' id='word_1_298' title='bbox 846 3388 916 3462; x_wconf 85' lang='lat' dir='ltr'><strong>dein</strong></span> <span class='ocrx_word' id='word_1_299' title='bbox 932 3387 1092 3462; x_wconf 83' lang='lat' dir='ltr'><strong>colloquio-</strong></span> 
     </span>
     <span class='ocr_line' id='line_1_39' title="bbox 114 3472 1086 3554; baseline -0.007 -17"><span class='ocrx_word' id='word_1_300' title='bbox 114 3477 321 3554; x_wconf 84' lang='lat' dir='ltr'><strong>perspectam</strong></span> <span class='ocrx_word' id='word_1_301' title='bbox 341 3476 583 3538; x_wconf 84' lang='lat' dir='ltr'><strong>reconciliandae</strong></span> <span class='ocrx_word' id='word_1_302' title='bbox 605 3476 690 3549; x_wconf 86' lang='lat' dir='ltr'><strong>pacis</strong></span> <span class='ocrx_word' id='word_1_303' title='bbox 704 3479 870 3535; x_wconf 84' lang='lat' dir='ltr'><strong>extractum</strong></span> <span class='ocrx_word' id='word_1_304' title='bbox 883 3472 1027 3544; x_wconf 90' lang='lat' dir='ltr'><strong>hiemem,</strong></span> <span class='ocrx_word' id='word_1_305' title='bbox 1053 3475 1086 3530; x_wconf 91' lang='lat' dir='ltr'><strong>ut</strong></span> 
     </span>
    </p>
   </div>
   <div class='ocr_carea' id='block_1_5' title="bbox 0 0 1292 3954">
    <p class='ocr_par' dir='ltr' id='par_1_5' title="bbox 0 0 1292 3954">
     <span class='ocr_line' id='line_1_40' title="bbox 0 0 1292 3954; baseline 0 2"><span class='ocrx_word' id='word_1_306' title='bbox 0 0 1292 3954; x_wconf 95' lang='lat' dir='ltr'><strong> </strong></span> 
     </span>
    </p>
   </div>
  </div>
 </body>
</html>
