2598 3956
315 213 432 274 LIBER
444 213 505 274 XL.
531 213 614 274 CAP.
630 223 674 276 dd.
685 223 729 278 Β.
752 222 788 290 [a.
801 221 834 276 0.
847 219 909 296 181]
1049 217 1091 282 7³

109 383 182 441 sus,
203 367 317 442 trigona
336 373 485 428 nocturna
505 367 636 428 maxime
655 375 811 444 metuens,
836 383 916 446 quae
935 368 1092 432 caniculae

109 459 180 512 ortu
201 449 311 510 similia
331 449 519 512 brumalibus
540 457 634 512 erant.
665 452 767 514 muttIs
787 466 844 529 per
859 467 915 514 eos
930 452 997 514 dies
1012 452 1091 516 diiii-

105 533 272 594 cuttatibus
299 532 492 595 condictatus
518 533 610 595 nihilo
635 534 762 596 laetiora
781 537 811 596 in
834 536 943 598 castris
968 536 1091 610 invenit,

107 617 162 680 ubi
176 633 296 678 summa
318 617 447 693 penurie
468 623 546 693 erat,
571 623 606 679 ut
623 617 654 678 in
674 620 816 694 regione,
838 636 930 696 quam
950 621 989 682 ab
1009 621 1092 683 omni

109 708 197 776 parte
211 699 393 762 solitudines
413 701 600 764 clauderent.
632 703 736 779 itaque
754 713 847 764 unum
860 711 977 766 tantum
991 720 1090 767 mora·

107 792 159 846 tus
175 784 270 859 diem,
293 784 402 861 quietis
418 799 523 847 eorum
537 801 632 847 causa
646 801 725 862 quos
739 785 889 848 babuerat
902 801 1023 863 secum,
1044 787 1091 850 iti·

107 883 184 928 nere
209 867 281 928 inde
307 866 397 930 simili
415 869 508 944 iugaa
529 869 559 929 in
579 870 777 931 Dentheletos
797 871 985 932 transcurrit.
1014 873 1091 932 socii

106 957 211 1024 erant,
239 951 296 1012 scd
316 958 442 1028 propter
466 951 602 1028 inopiam
624 953 707 1015 haud
731 969 824 1015 secus
846 969 938 1031 quam
958 953 1092 1019 bostium

106 1036 187 1096 tinas
207 1033 395 1096 Macedones
424 1035 563 1113 populati
587 1042 674 1098 sunt=
702 1037 851 1113 rapiendo
872 1036 953 1099 enim
973 1039 1091 1114 passim

106 1118 198 1180 viltas
211 1117 350 1195 primum,
366 1118 437 1179 dein
453 1119 605 1196 quosdam
620 1120 711 1182 etiam
724 1120 813 1182 vicos
827 1129 1013 1196 evastarunt,
1029 1139 1088 1184 non

108 1204 178 1264 sine
189 1217 300 1277 magno
312 1203 534 1280 pudorcregis,
550 1219 620 1265 cum
630 1204 892 1268 sociorumvoces
904 1206 1090 1282 nequiquam

107 1288 185 1348 deos
207 1286 341 1348 sociales
361 1301 536 1364 nomenque
556 1303 646 1350 suurn
663 1289 862 1365 implorantes
877 1285 1005 1350 audiret.
1026 1291 1087 1350 iru-

106 1376 209 1430 mento
225 1370 297 1432 inde
310 1370 432 1432 sublato
446 1370 476 1431 in
491 1370 661 1432 Maedicam
674 1385 846 1446 regressus,
860 1371 981 1447 urbam,
997 1388 1089 1449 quam

105 1453 228 1514 Petram
238 1455 403 1531 appellant,
415 1469 595 1532 oppugnare
605 1461 654 1516 est
666 1455 801 1516 adortus.
817 1455 1088 1532 ipseacampestri

108 1539 192 1598 aditu
212 1545 314 1600 castra
334 1538 453 1614 posuit,
477 1537 625 1600 Perseum
643 1537 738 1600 fllium
766 1553 835 1599 curn
856 1537 978 1599 modica
997 1554 1088 1600 manu

109 1620 321 1698 circummisit,
342 1629 376 1684 ut
390 1637 408 1682 a
423 1621 635 1699 superioribus
649 1622 726 1685 iocis
740 1623 847 1684 urbem
862 1623 1090 1698 adgrederetur.

109 1705 273 1782 oppidani,
288 1721 357 1767 cum
369 1713 469 1770 terror
481 1709 619 1783 undiquc
632 1703 771 1779 instaret,
788 1706 948 1768 obsidibus
964 1706 1043 1768 datis
1058 1705 1090 1767 in

107 1790 282 1866 praesentia
302 1789 485 1853 dediderunt
505 1807 590 1853 sessa
622 1790 728 1865 iidem,
751 1797 915 1866 postquam
936 1791 1090 1852 exercitus

107 1874 252 1950 recessit,
278 1872 363 1935 obiiti
389 1873 531 1938 obsidum
556 1875 662 1937 relicta
687 1874 762 1935 urbe
782 1873 812 1934 in
836 1875 905 1935 ioca
925 1874 1040 1936 munita
1060 1882 1089 1934 ei

107 1965 226 2020 montes
240 1958 427 2035 redigerunt.

194 2041 353 2120 Phiiippus
374 2045 455 2105 omni
476 2059 590 2120 genere
609 2041 724 2104 laboris
739 2043 807 2104 sine
819 2044 882 2106 ullo
897 2041 1010 2104 effectu
1022 2043 1089 2105 tati·
1146 2107 1148 2112 ,

109 2129 190 2206 gatis
209 2126 355 2202 militibus
377 2135 408 2190 et
428 2129 536 2189 iraude
549 2126 647 2189 Didae
668 2127 819 2203 praetoris
837 2127 935 2189 auctis
949 2125 980 2186 in
995 2125 1089 2190 fitium

107 2213 338 2290 suspicionibus
359 2211 390 2271 in
410 2211 624 2272 Macedoniam
643 2210 741 2272 rediit.
773 2208 879 2270 XXIII.
905 2209 1019 2270 missus
1041 2211 1090 2270 hic

106 2313 228 2372 comes,
248 2303 282 2358 ut
294 2303 364 2357 ante
381 2295 571 2369 dictumest,
593 2309 663 2356 cum
676 2293 898 2370 simplicitatem
912 2292 1031 2355 iuvenis
1046 2292 1089 2353 in-

107 2381 188 2444 cauti
209 2388 239 2442 et
259 2381 325 2442 suis
346 2379 430 2442 haud
446 2379 594 2440 immerito
609 2378 823 2440 succensentis
837 2376 1029 2439 adsentando
1044 2377 1088 2436 in-

107 2465 327 2542 dignandoque
347 2473 378 2528 et
397 2464 465 2540 ipse
482 2463 581 2526 vicem
596 2464 663 2525 eius
678 2470 828 2539 captaret,
849 2462 880 2523 in
895 2461 997 2523 omnia
1010 2463 1088 2522 ultro

107 2565 197 2612 suam
218 2546 353 2611 offerens
374 2563 515 2624 operam,
535 2547 598 2609 tide
616 2547 687 2610 data
700 2563 814 2608 aroana
827 2546 893 2607 eius
909 2545 1019 2608 elicuit.
1043 2547 1088 2607 tu-

105 2649 178 2710 gam
203 2634 243 2694 ed
261 2633 418 2695 Romanos
438 2632 608 2694 Demetrius
634 2631 852 2701 meditabatur;
884 2630 934 2692 cui
959 2629 1088 2692 consitio

18 2715 20 2791 ᾖ
105 2717 231 2778 adiutor
250 2717 341 2779 deum
359 2716 509 2778 beneflcio
526 2715 646 2778 oblatus
660 2715 822 2777 videbatur
834 2713 986 2776 Paeoniae
999 2729 1088 2790 prae·

105 2810 170 2876 tor,
192 2801 350 2876 peronius
365 2798 554 2879 provincIam
569 2816 657 2876 spem
672 2807 796 2875 ceperat
809 2797 889 2859 elabi
903 2805 967 2859 tuto
981 2812 1087 2873 posse.

18 2879 20 2948 ἒ
105 2885 168 2947 hoc
190 2885 350 2948 consitium
372 2885 527 2961 extemplo
549 2891 580 2945 et
600 2882 685 2944 tratri
705 2883 843 2959 proditur
863 2889 893 2943 et
910 2887 1035 2942 auctore
1050 2897 1088 2940 eo

18 2973 19 2978 ’
105 2968 259 3032 indicatur
282 2971 371 3047 patri.
403 2971 521 3031 litterae
546 2968 676 3046 primum
697 2969 735 3029 ad
758 2966 949 3028 obsidentem
970 2964 1089 3028 Petram

105 3053 227 3114 adlatae
248 3061 329 3116 sunt.
359 3054 431 3114 inde
443 3053 623 3116 Herodorus
637 3052 838 3129 -princeps
859 3049 909 3111 bic
922 3050 1089 3112 amicorum

104 3137 250 3198 Demetrii
270 3145 335 3199 erat
349 3169 390 3179 —
404 3138 436 3198 in
451 3137 622 3200 custodiam
637 3143 686 3198 est
700 3135 857 3198 coniectus
873 3142 904 3197 et
916 3134 1088 3196 Demetrius

104 3219 335 3283 dissimulanter
348 3221 506 3283 adservari
520 3222 635 3283 iussus.
658 3220 735 3282 baec
750 3235 844 3295 super
858 3226 960 3280 celera
973 3219 1089 3279 tristam

104 3305 271 3367 adventurn
285 3307 316 3366 in
327 3305 539 3367 Macedoniarn
553 3306 618 3381 regi
632 3307 777 3366 iecerunt.
799 3302 963 3365 movebant
977 3317 1047 3362 eum
1059 3307 1089 3360 et

104 3391 282 3465 praesentia
297 3386 437 3450 crimine:
460 3389 689 3466 exspectandos
703 3396 813 3463 tamen,
832 3403 912 3464 quos
926 3385 966 3446 ad
979 3383 1086 3458 explo-

18 3523 19 3526 ,
102 3473 202 3534 randa
223 3473 324 3535 omnia
338 3474 467 3535 Romam
479 3475 612 3544 miserat,
632 3473 786 3533 censebat.
815 3469 864 3532 his
880 3469 989 3531 anxius
1005 3463 1086 3528 curis
