2592 3964
149 180 157 184 “
271 203 532 265 rreaaxxmx.
554 204 937 280 personaque]
1052 205 1093 270 aa

108 357 248 420 honores
263 364 294 419 et
307 371 419 433 capere
433 356 521 433 ipsos
536 365 567 418 et
580 358 653 418 dare
667 358 745 419 aliis.
774 360 918 437 optimum
934 377 1097 438 quemque,

110 442 226 519 quibus
239 441 396 516 libertatis,
412 441 524 518 quibus
538 443 641 518 legum
655 457 730 503 cura
744 442 791 517 sit,
808 451 860 505 aut
874 447 1016 506 exsulare
1031 449 1098 521 pul·

109 541 168 588 sos
183 525 282 602 patria
295 533 349 585 aut
360 523 562 586 inhonoratos
574 533 604 586 et
615 527 817 588 deterioribus
831 529 984 590 obnoxios
996 529 1098 591 silere.

109 611 151 671 de
165 609 233 671 iure
247 608 338 671 etiam
352 608 457 669 linium
472 625 572 687 pauca
583 609 775 673 adiecerunt=
799 610 833 685 Q.
843 610 969 672 Fabiam
980 613 1098 674 Labeo·

108 709 199 766 nem,
217 707 287 754 cum
301 692 332 752 in
346 692 472 769 regione
487 709 525 754 ea
538 693 663 767 luisset,
684 693 836 756 direxisse
850 695 941 757 finem
958 695 1098 773 Philippo

108 783 247 839 veterem
260 775 341 836 viam
355 777 480 852 regiam,
497 793 578 854 quae
588 779 629 838 ad
639 777 784 838 Thraciae
795 778 969 840 Paroreiam
980 781 1099 854 subeat,

108 876 266 937 nusquam
281 860 321 921 ad
334 875 418 921 maro
435 861 652 923 declinantem:
674 861 850 938 Philippum
864 879 975 924 novam
991 871 1100 938 postea

109 944 282 1008 deflexisse
295 944 385 1019 viam,
402 961 463 1020 qua
477 945 695 1007 Maronitarum
708 945 802 1007 urbes
818 962 973 1022 agrosque
984 949 1100 1024 ample·

110 1035 220 1090 ctotur.
247 1027 383 1089 xxvltl.
411 1029 451 1089 ad
471 1044 509 1090 ea
527 1029 687 1106 Philippus
707 1031 799 1105 longe
820 1031 910 1091 aliam
931 1047 1022 1107 quam
1046 1032 1101 1091 ad-

109 1128 223 1174 versus
241 1111 409 1173 Thessalos
424 1111 677 1188 Perrhaebosque
699 1129 798 1188 nuper
818 1113 978 1190 ingressus
1001 1116 1099 1176 disse-

109 1195 202 1259 rendi
225 1195 305 1256 viam
331 1211 414 1270 „non
435 1211 504 1256 cum
523 1195 701 1256 Maronitis“
728 1197 827 1273 inquit
846 1199 938 1274 „mihi
958 1208 1011 1261 aut
1031 1215 1099 1260 cum

109 1281 249 1342 Eumene
261 1277 443 1355 disceptatio
455 1287 512 1354 est,
528 1281 585 1340 sed
597 1281 655 1340 iam
667 1279 836 1356 vobiscum,
847 1283 1020 1356 Romania
1033 1283 1099 1358 qui·

109 1366 173 1427 bus
194 1363 268 1440 nihil
289 1361 382 1439 aequi
395 1377 445 1424 me
459 1363 624 1440 impetrare
638 1365 698 1424 iam
713 1364 766 1425 diu
779 1363 998 1426 animadverto.
1026 1365 1099 1426 civi-

109 1456 192 1512 tates
208 1447 428 1520 Macedonian,
451 1463 530 1522 quae
551 1464 570 1508 a
590 1462 638 1506 me
660 1447 738 1509 inter
757 1447 892 1510 indutias
913 1448 1099 1522 defecerant,

109 1532 201 1595 reddi
221 1530 294 1592 mihi
314 1547 446 1607 aequum
468 1531 646 1605 censebam,
668 1546 731 1592 non
747 1531 819 1606 quia
833 1547 943 1608 magna
959 1533 1098 1595 accessio

111 1633 151 1679 ea
168 1615 256 1692 regni
277 1616 378 1677 lutura
397 1623 534 1676 esset-
546 1622 619 1686 sunt
637 1615 718 1678 enim
732 1621 764 1676 et
777 1630 875 1692 parva
894 1616 1010 1693 oppida
1024 1623 1055 1676 et
1069 1616 1100 1675 in

110 1701 226 1763 linibus
246 1699 391 1762 extremis
413 1700 515 1776 posita
527 1699 642 1761 -sed
663 1699 735 1775 quia
755 1701 881 1762 multum
902 1701 943 1760 ad
961 1701 1099 1776 reliquos

109 1783 301 1846 Macedonas
321 1781 526 1846 continendos
547 1784 721 1858 exemplum
741 1783 922 1860 pertinebat.
957 1790 1100 1859 negatam

111 1872 162 1930 est
175 1867 257 1928 mihi.
277 1867 360 1930 bello
374 1867 514 1929 Aetolico
528 1867 664 1930 Lamiam
679 1882 860 1944 oppugnare
872 1867 977 1928 iussus
993 1885 1012 1928 a
1027 1883 1100 1928 con-
1133 1903 1138 1915 ·

111 1954 181 2016 sule
196 1951 245 2012 Μ’.
260 1952 360 2012 Acilio
382 1966 451 2011 cum
465 1951 519 2013 diu
537 1951 681 2027 fatigatus
695 1949 737 2012 ibi
752 1951 897 2028 operibus
913 1950 1101 2028 proeliisque

112 2051 226 2108 essem,
241 2035 508 2096 transcendentem
522 2050 572 2096 me
585 2036 645 2096 iam
660 2051 765 2096 muros
780 2052 799 2096 a
813 2042 903 2110 capta
915 2050 1012 2112 prope
1023 2035 1100 2096 urbe

110 2119 271 2182 revocavit
284 2119 393 2182 consul
408 2125 439 2180 et
451 2119 607 2180 abducere
621 2119 729 2194 copias
743 2118 815 2178 inde
829 2120 938 2192 coegit.
957 2119 998 2180 ad
1010 2117 1101 2180 huius

112 2202 256 2266 solatium
277 2201 406 2267 iniuriae
426 2202 611 2278 permissum
632 2209 695 2276 est,
715 2209 749 2262 ut
762 2200 940 2265 Thessaliae
953 2202 1100 2261 Perrhae·

114 2289 246 2363 biaeque
260 2293 291 2348 et
300 2286 507 2348 Athamanum
518 2286 688 2361 reciperem
700 2285 853 2360 quaedam
865 2287 992 2345 castella
1002 2283 1101 2360 magis

113 2388 206 2449 quam
219 2371 322 2432 urbes.
347 2386 385 2431 ea
400 2386 525 2446 quoque
540 2369 609 2445 ipsa
623 2384 681 2430 vos
695 2366 778 2442 mihi,
797 2368 830 2442 Q.
847 2367 968 2443 Caecili,
984 2384 1101 2445 pancos

113 2463 185 2516 ante
199 2455 266 2516 dies
281 2455 450 2516 ademistis.
474 2470 529 2534 pro
544 2469 605 2514 non
622 2451 715 2515 dubio
727 2453 819 2528 paulo
832 2458 911 2525 ante,
928 2451 955 2511 si
966 2451 1025 2513 diis
1038 2454 1102 2529 pla-

113 2547 173 2614 cet,
188 2539 280 2614 legati
291 2539 439 2599 Eumenis
454 2539 625 2611 sumebant
642 2551 722 2614 quae
735 2536 881 2618 Antiochi
896 2535 1026 2610 luerunt,
1041 2535 1100 2596 Eu·

113 2638 234 2684 manem
248 2623 379 2698 aequius
394 2637 466 2683 esse
482 2637 573 2696 quam
588 2636 637 2680 me
651 2620 775 2680 habere.
799 2619 830 2680 id
843 2635 901 2694 ego
913 2621 1004 2696 longe
1015 2618 1103 2678 aliter

113 2707 217 2768 iudlcc
229 2721 310 2768 esse.
332 2705 486 2767 Eumenes
498 2703 578 2765 enim
590 2720 652 2765 non
663 2702 723 2763 nisi
734 2703 883 2764 vicissent
892 2704 1030 2774 Romani,
1044 2703 1103 2763 sed

113 2787 174 2852 nisi
195 2791 307 2850 bellum
328 2791 515 2864 gessissent,
537 2802 661 2848 manere
678 2787 709 2846 in
729 2801 826 2863 regno
842 2803 900 2848 suo
916 2802 978 2847 non
993 2786 1102 2860 potuit.

112 2875 218 2950 itaque
231 2875 283 2936 illc
298 2881 434 2935 vestrum
448 2873 585 2934 meritum
600 2871 701 2946 habet,
716 2887 779 2932 non
792 2886 851 2931 vos
866 2870 957 2930 illius.
979 2870 1038 2929 mei
1050 2886 1103 2930 au-

113 2965 175 3018 tem
194 2956 283 3034 regni
303 2964 419 3020 tantum
435 2957 540 3019 aberat
554 2962 587 3016 ut
600 2956 662 3015 ulla
677 2959 750 3031 pars
765 2951 988 3016 in'discriminc
1004 2954 1103 3027 luerit,

113 3047 148 3103 ut
158 3041 215 3104 tria
226 3041 308 3102 milia
317 3043 463 3103 talentum
473 3048 504 3102 et
512 3037 837 3117 quinquagintatectas
848 3053 944 3099 naves
957 3044 986 3098 et
994 3053 1102 3098 omnes

113 3125 262 3187 Graeciae
275 3125 424 3199 civitates,
437 3141 516 3203 quas
527 3130 618 3184 antea
628 3121 806 3198 tenuissem,
819 3120 1012 3198 pollicentem
1023 3123 1103 3182 ultro

113 3209 300 3272 Antiochum
319 3210 351 3272 in
371 3209 545 3270 mercedem
566 3205 723 3268 societatis
744 3206 802 3266 sim
823 3213 1025 3282 aspernatus;
1048 3204 1102 3264 lto·

114 3301 257 3371 stemque
277 3293 305 3353 ei
319 3307 368 3353 me
383 3309 455 3354 esse
475 3292 560 3368 prius
576 3291 666 3352 etiam
681 3306 774 3366 quam
786 3289 837 3350 Μ’.
851 3288 970 3350 Acilius
986 3286 1103 3347 exerci-

74 3383 78 3394 '
114 3385 178 3439 tum
192 3377 222 3437 in
236 3377 394 3439 Graeciam
409 3375 551 3439 traiceret
563 3391 639 3452 prae
654 3389 703 3436 me
717 3374 782 3450 tuli,
797 3380 827 3435 et
841 3388 909 3434 cum
924 3387 962 3432 eo
975 3370 1103 3430 consule
1200 3404 1202 3407 -

113 3459 186 3524 belli
200 3467 335 3538 panteni,
352 3475 577 3537 quamcumque
591 3458 663 3519 mihi
679 3456 841 3533 delegavit,
855 3456 950 3532 gessi.
978 3460 1009 3514 et
1023 3452 1102 3513 inse·
