2598 3956
298 171 415 274 arana
428 211 516 273 nnn.
540 211 623 274 car.
637 220 681 276 ιι.
695 221 737 274 ao.
762 219 844 287 [ac.
858 215 919 292 aa]
1047 214 1108 277 aas

126 363 279 443 pediturn,
302 367 423 422 centum
437 369 467 423 et
482 363 701 438 quinquaginta
716 363 836 439 equites
851 363 881 425 in
897 365 1051 428 Romanas
1066 366 1109 426 le·

126 447 250 525 panesa
275 445 306 506 in
327 446 472 506 socialem
493 446 660 508 exereitum
681 447 817 523 quinque
832 449 914 508 milia
926 449 1064 525 peditum
1079 457 1111 512 et

125 537 281 592 ueeentos
303 531 422 606 equites
437 531 588 606 imperare
604 531 697 592 sociis
711 529 799 594 iussi.
828 531 888 594 hoe
904 533 1063 610 copiarum
1079 534 1109 593 in

124 614 294 692 Hispanias
309 630 378 674 oum
394 614 587 690 praetoribus
602 614 691 677 novis
709 623 863 691 portatum
877 625 935 679 est.

209 697 287 759 XIX.
308 697 427 759 Eodem
442 714 531 772 auno,
549 699 620 777 quia
634 714 689 776 per
703 699 945 776 recognitionem
959 699 1106 765 Postumii

126 782 265 845 consulis
285 798 396 858 magna
416 799 490 859 pars
512 781 577 859 agri
600 783 760 860 Campani,
794 799 884 861 quern
907 785 1018 860 privati
1040 785 1109 846 sine

125 866 302 928 discrimine
323 867 440 943 passim
459 867 680 942 possederant,
702 874 884 944 recuperata
906 867 937 930 in
954 868 1107 944 publicum

125 957 199 1026 crat,
218 949 259 1010 Μ.
273 949 588 1012 Lucretius-tribunus
604 951 704 1028 plebis
720 953 935 1028 promulgavit,
954 960 1108 1030 ntegrum
1177 999 1182 1006 .

125 1033 314 1110 campanum
330 1049 477 1096 censores
492 1036 656 1096 fruendum
670 1037 815 1112 locarent,
831 1037 917 1122 quod
936 1037 1049 1099 iactum
1064 1045 1108 1098 tot

126 1117 215 1180 annis
230 1126 303 1194 post
316 1125 436 1195 captam
452 1119 586 1195 Capuam
603 1135 665 1180 non
680 1119 788 1196 iuerat,
808 1129 842 1182 ιιι
855 1121 885 1182 in
900 1136 1000 1182 vactro
1017 1136 1108 1197 vaga·

124 1209 209 1263 retur
222 1202 376 1278 cupiditas
390 1204 589 1279 privatorum.

210 1286 284 1348 Cum
306 1287 336 1347 in
358 1289 590 1365 exspectatione
611 1295 737 1349 senatus
759 1295 845 1349 esset
863 1286 944 1349 bello
966 1289 1024 1348 etsi
1044 1305 1106 1348 non

125 1371 249 1447 indicto,
270 1378 370 1432 tamen
386 1370 445 1430 iarn
461 1371 600 1443 decreto,
624 1373 677 1446 qui
693 1387 801 1447 regum
814 1386 912 1448 suam,
933 1371 1039 1433 Persei
1055 1371 1108 1447 qui

126 1454 261 1516 secuturi
272 1454 433 1515 amicitiam
446 1462 561 1530 essent,
576 1455 668 1530 legati
679 1453 857 1529 Ariarathis,
872 1470 1001 1530 puerum
1014 1455 1108 1515 filium

123 1539 208 1614 regis
222 1552 326 1600 seeum
343 1539 541 1611 adducentes,
564 1539 693 1600 Romam
707 1543 872 1607 venerunt;
896 1555 1025 1613 quorum
1040 1554 1101 1599 ora·

123 1622 166 1684 tio
183 1622 246 1695 luit,
268 1638 373 1698 regern
388 1623 581 1684 educendum
595 1621 691 1683 fllium
704 1622 833 1685 Romam
847 1623 980 1696 misisse,
999 1629 1035 1684 ut
1047 1622 1108 1682 iam

124 1706 198 1768 inde
210 1722 229 1768 a
239 1722 336 1782 puero
349 1706 550 1767 adsuesceret
561 1707 697 1768 moribus
704 1705 1107 1788 Romanishominibusque.
1118 1713 1121 1718 '

124 1798 245 1868 petere,
267 1797 302 1850 ut
315 1805 382 1850 eum
405 1806 466 1851 non
487 1790 546 1853 sub
566 1790 722 1867 hospitum
743 1789 836 1852 modo
852 1792 1040 1866 privatorum
1056 1805 1107 1850 cu·

125 1874 241 1951 alodia,
264 1874 320 1936 sed
343 1873 483 1951 publicae
504 1875 594 1937 etiam
615 1889 706 1935 curae
721 1889 757 1934 ao
772 1877 855 1936 velut
868 1876 981 1936 tutelae
996 1873 1109 1934 vellent

124 1973 207 2020 esse.
235 1974 275 2019 ea
286 1957 369 2034 regis
384 1957 495 2034 legatio
512 1966 599 2034 grata
613 1958 732 2020 senatui
748 1957 819 2029 iuit;
842 1959 1053 2033 decreverunt,
1075 1965 1109 2020 ut

125 2041 178 2104 Cu.
199 2041 333 2104 Sicinius
354 2048 478 2118 praetor
496 2043 592 2103 aedes
611 2043 777 2104 instructas
798 2043 929 2117 locaret,
951 2043 1003 2104 ubi
1025 2043 1107 2104 nlius

124 2125 207 2203 regis
222 2126 413 2203 comitesque
428 2127 495 2187 eius
509 2124 648 2187 habitare
661 2119 801 2203 possent.
823 2127 1014 2187 etTlrracum
1025 2128 1107 2202 lega·

123 2210 165 2272 tis
177 2211 276 2286 l*que
287 2208 351 2272 et**
366 2211 545 2272 societatem
557 2207 781 2284 amicitiamque
793 2210 969 2285 petentibus
979 2216 1012 2270 et
1022 2209 1107 2284 quod

124 2295 270 2371 petebant
284 2294 388 2356 datum
403 2300 464 2368 est,
486 2301 516 2353 et
535 2308 661 2354 munera
679 2292 914 2364 binummilium
929 2293 1009 2355 aeris
1025 2309 1107 2354 sum·

124 2395 194 2439 mae
205 2378 235 2439 ia
248 2379 387 2454 singulos
399 2378 504 2439 missa.
523 2377 581 2439 lios
592 2379 698 2454 utique
710 2379 855 2453 populos,
872 2377 958 2451 quod
970 2377 1008 2438 ab
1021 2383 1108 2454 tergo

123 2461 324 2525 Macedoniae
337 2463 467 2524 Thracia
481 2468 574 2538 esset,
599 2463 779 2538 adsumptos
793 2460 824 2522 in
841 2461 1019 2522 societatem
1033 2475 1107 2535 gau·

125 2546 248 2608 debant.
270 2547 326 2607 sed
341 2554 374 2607 ut
388 2548 419 2607 in
433 2545 510 2608 Asia
525 2562 650 2622 quoque
665 2555 695 2608 et
709 2546 818 2607 insulis
833 2545 993 2621 explorata
1005 2544 1107 2605 omnia

126 2637 246 2706 essent,
268 2629 487 2693 ructandum
506 2631 658 2692 Neronem
676 2629 718 2690 Μ.
733 2629 901 2691 Decimium
919 2630 1036 2704 legatos
1051 2628 1105 2688 mi-

105 2722 243 2788 ‚serunt
265 2715 351 2775 adire
365 2731 421 2776 eos
437 2714 556 2776 cretam
571 2722 602 2776 et
615 2713 757 2774 Rhodum
773 2715 939 2786 iusserunt,
954 2711 1044 2774 simul
1059 2727 1106 2772 re·

125 2813 242 2861 novare
257 2798 435 2873 amicitiam,
457 2797 546 2859 simul
562 2796 731 2875 speculari,
756 2813 829 2858 num
846 2795 999 2858 sollicitati
1015 2795 1107 2856 animi

126 2883 284 2946 sociorum
299 2882 337 2943 ab
351 2897 425 2957 rege
439 2881 552 2945 Perseo
568 2889 681 2944 essent.

209 2965 273 3027 XX.
302 2967 336 3026 ln
363 2982 518 3041 suspensa
546 2966 667 3027 civitate
688 2965 728 3026 ad
749 2964 1014 3042 exspectationem
1034 2962 1108 3025 novi

126 3051 214 3126 belli,
236 3057 386 3113 nocturna
405 3057 588 3126 tempestate
609 3051 750 3111 columna
765 3057 896 3112 rostrata
912 3049 940 3108 in
957 3047 1106 3124 capitolio

124 3135 207 3196 bello
227 3134 343 3196 Punico
364 3132 398 3173 **
414 3136 566 3208 consulis,
591 3133 641 3195 cui
664 3133 783 3210 collega
803 3133 869 3195 Ser.
890 3133 1017 3194 Fulvius
1042 3132 1107 3206 luit,

124 3227 189 3282 totu
210 3219 248 3278 ad
269 3218 362 3280 imum
383 3219 507 3280 fulmine
529 3219 672 3279 discussa
686 3225 742 3278 est.
772 3233 810 3278 ea
823 3234 873 3278 res
890 3217 1021 3294 prodigii
1036 3217 1108 3276 loco

75 3311 80 3318 '
125 3303 229 3364 habita
244 3303 284 3362 ad
299 3309 437 3363 senatum
451 3305 546 3363 relata
559 3310 622 3365 est=
644 3308 746 3377 patres
761 3309 792 3362 et
806 3303 846 3362 ad
860 3302 1042 3377 haruspices
1059 3314 1110 3359 re·

126 3387 208 3447 ierrc
228 3396 259 3448 et
279 3385 472 3449 decemviros
488 3387 572 3449 adire
586 3387 682 3448 libros
697 3385 861 3446 iusserunt
882 3382 1046 3445 decemviri
1061 3382 1107 3442 lu·

127 3471 286 3533 strandum
297 3470 453 3548 oppidum,
470 3470 724 3547 supplicationem
735 3469 1041 3543 obsecrationemque
1053 3465 1110 3525 lra-

171 3572 198 3612 ι.
214 3570 275 3614 rrvr
290 3571 366 3614 unns
382 3555 419 3612 V.
865 3560 900 3613 10
