2598 3956
307 267 426 330 'LIBER
440 267 500 326 XL.
524 267 607 328 CAP.
622 277 666 329 32.
677 276 723 330 33.
745 269 781 346 [a.
794 275 826 328 C.
839 273 902 349 181]
1051 272 1092 335 81

108 429 190 496 runt,
206 421 361 482 etAcilius
376 421 414 481 ab
427 430 513 496 tergo
525 428 599 481 erat.
623 422 676 481 diu
687 419 715 480 in
728 421 829 482 medio
843 423 926 482 caesi
938 423 1093 485 Celtiberis

109 507 163 584 qui
179 511 363 580 supererant
375 504 405 564 in
422 521 529 566 omnes
544 506 660 580 passim
674 512 778 580 partos
797 513 965 581 capessunt
979 509 1092 584 lugam.

109 590 232 664 equites
252 588 396 664 bipartito
417 589 448 648 in
463 605 519 651 eos
541 590 645 649 emissi
659 605 801 665 magnam
816 589 943 650 caedem
957 591 1092 652 edidere.

108 675 149 734 ad
165 672 271 748 viginti
285 672 343 734 tria
356 673 438 733 milia
451 673 583 734 basilam
598 689 635 733 co
652 673 702 732 dic
716 673 829 746 occisa,
847 682 936 748 capta
951 683 1094 750 quattuor

106 758 191 817 milia
212 764 243 817 et
257 757 441 832 septingenti
461 772 530 817 cum
552 757 640 832 equis
657 758 730 832 plus
748 758 937 832 quingentis,
960 764 991 818 et
1005 759 1093 834 signa

107 841 250 902 militaria
270 841 425 916 octoginta
445 846 525 902 octo.
554 857 664 916 magna
687 839 827 915 victoria,
849 857 911 900 non
931 850 1032 902 tamen
1048 845 1091 904 in·

107 933 237 986 cruenta
257 923 328 985 luit:
355 924 485 986 Romani
500 926 539 984 de
554 925 673 986 duabus
688 924 859 1000 legionibus
874 923 983 986 milites
998 929 1091 1002 paulo

107 1011 179 1086 plus
195 1009 327 1082 ducenti,
342 1009 460 1069 socium
471 1007 569 1069 Latini
580 1007 711 1070 nominis
722 1009 886 1084 octingenti
897 1007 1026 1084 triginta,
1039 1026 1091 1071 ex·

106 1108 265 1154 ternorum
280 1091 471 1152 auxiliarium
485 1092 581 1152 terme
596 1093 656 1154 duo
672 1091 754 1152 milia
768 1102 799 1154 et
813 1093 1027 1169 quadringenti
1043 1111 1091 1155 ce-

108 1177 258 1237 ciderunt.
287 1184 410 1252 praetor
431 1177 462 1236 in
484 1185 585 1237 castra
604 1176 752 1238 victorem
772 1177 939 1236 exercitum
960 1178 1092 1252 reduxit,

106 1260 226 1322 Acilius
241 1275 364 1320 manere
378 1261 408 1320 in
424 1261 521 1335 captis
534 1261 572 1320 ab
588 1275 623 1320 se
639 1259 748 1322 castris
763 1261 878 1320 iussus.
901 1268 1028 1336 postero
1041 1261 1093 1322 die

108 1345 210 1422 spolia
230 1345 269 1404 de
289 1344 429 1404 hostibus
450 1344 543 1417 lecta,
565 1351 595 1403 et
610 1361 665 1418 pro
682 1346 824 1406 contione
840 1344 944 1407 donati
961 1360 1091 1420 quorum

107 1431 206 1490 virtus
221 1428 350 1502 insignis
364 1429 472 1488 luerat.
493 1427 624 1488 XXXIII.
648 1427 761 1489 sauciis
777 1428 888 1487 delnde
899 1429 929 1487 in
942 1428 1091 1504 oppidum

107 1513 265 1573 Aeburam
281 1511 417 1572 devectIs
434 1527 488 1586 per
501 1512 711 1587 carpetaniam
726 1512 765 1571 ad
779 1511 969 1572 ContrebIam
981 1511 1091 1573 ductae

108 1596 258 1672 legiones.
291 1611 328 1656 ee
348 1597 421 1657 urbs
444 1597 650 1657 circumsessa
669 1612 738 1657 cum
760 1612 778 1656 a
800 1595 956 1656 celtiberis
978 1597 1092 1658 auxilie

108 1680 301 1755 arcessisset,
317 1679 505 1742 morantibus
519 1681 556 1742 iis
568 1697 629 1742 non
643 1680 715 1757 quia
725 1681 785 1756 ipsi
797 1681 927 1740 cunctati
939 1688 1017 1754 sunt,
1034 1681 1091 1741 sed

109 1766 183 1842 quia
207 1765 365 1840 protectos
392 1765 482 1837 domo
510 1763 742 1840 inexplicabiles
768 1764 918 1826 continuis
943 1764 1091 1824 imbribus

107 1851 177 1909 viae
198 1857 228 1908 et
244 1848 339 1908 inflati
353 1863 459 1909 amnes
476 1849 634 1923 tenebant,
656 1851 820 1924 desperato
836 1849 949 1908 auxilio
964 1865 1092 1909 suorum

108 1935 139 1993 ln
155 1932 341 1993 deditionem
354 1933 447 1994 venit
468 1933 597 1994 Flaccus
610 1949 735 2009 quoque
747 1932 978 2008 tempestatibus
989 1931 1091 1992 laedis

108 2023 238 2078 coactus
253 2017 419 2078 exercitum
435 2033 555 2078 omnem
569 2017 599 2076 in
614 2018 721 2078 urbem
737 2017 912 2078 introduxit.
941 2016 1091 2090 Celtiberi,

106 2101 163 2177 qui
185 2100 313 2176 protecti
332 2109 418 2162 erant
433 2117 451 2161 a
464 2103 556 2162 domo
572 2102 735 2162 deditionis
749 2101 863 2177 ignari,
884 2117 953 2161 cum
967 2100 1090 2161 tandem

109 2185 280 2260 superatiS,
299 2185 352 2245 ubi
366 2185 496 2260 primum
510 2185 623 2244 imbros
638 2185 834 2257 remiserunt,
857 2183 996 2244 amnibus
1013 2183 1090 2243 Con·

17 2333 18 2336 ,
107 2269 237 2330 trebiam
258 2270 429 2343 venissent,
452 2277 615 2344 postquam
637 2276 737 2328 castra
758 2270 839 2327 nulla
861 2274 947 2326 extra
970 2268 1091 2326 moenia

16 2343 18 2406 Ῑ
106 2353 264 2429 viderunt,
286 2360 338 2414 aut
358 2352 389 2413 in
410 2354 534 2414 alteram
555 2358 672 2428 partem
689 2353 836 2414 translata
850 2353 907 2412 rati
922 2356 975 2412 aut
988 2365 1090 2410 reces-

16 2471 18 2508 ς
107 2439 190 2498 sisse
209 2437 331 2512 hostes,
354 2453 410 2512 per
427 2438 648 2512 neglegentiam
662 2436 753 2498 effusi
768 2437 807 2496 ad
823 2435 971 2510 oppidum
985 2450 1091 2495 acces-

107 2529 222 2584 serunt.
245 2522 346 2582 ineos
362 2521 482 2582 duabus
496 2523 593 2597 portis
602 2519 733 2581 Romani
741 2519 932 2595 eruptionem
944 2519 1092 2593 lecerunt,

106 2613 138 2666 et
155 2604 376 2680 incompositos
391 2606 489 2666 adorti
505 2606 656 2667 fuderunt.
675 2621 755 2680 quae
769 2619 820 2664 res
836 2604 876 2664 ad
886 2603 1091 2663 resistendum

106 2705 164 2749 cos
185 2689 268 2748 etad
284 2690 507 2764 capessendam
529 2705 661 2764 pugnam
676 2687 827 2763 impediit,
851 2687 936 2762 quod
952 2703 1014 2746 non
1029 2703 1090 2747 uno

105 2772 228 2848 agmine
242 2788 300 2832 nec
311 2773 351 2834 ad
367 2773 455 2848 signa
466 2775 641 2848 trequentes
654 2770 824 2843 veniebant,
841 2771 949 2831 eadem
961 2786 1090 2844 magnae

105 2855 187 2932 parti
203 2857 359 2931 adingam
375 2855 466 2918 saluti
481 2857 549 2918 luit:
569 2857 671 2932 sparsi
687 2856 766 2917 enim
777 2861 841 2917 tcto
853 2853 970 2930 passim
982 2867 1091 2930 campo

105 2955 143 3001 se
163 2939 366 3014 diffuderunt,
387 2957 445 3002 nec
459 2957 590 3016 usquam
606 2940 760 3001 conlertos
777 2955 832 3000 eos
846 2937 945 3000 hostis
962 2935 1088 2998 circum·

110 3023 201 3086 venit.
228 3031 329 3084 tamen
350 3023 391 3085 ad
413 3025 575 3087 duodecim
596 3023 677 3085 milia
698 3030 769 3086 sunt
786 3039 892 3098 caesa,
914 3028 1004 3098 capta
1019 3025 1089 3099 plus

107 3107 248 3184 quinque
260 3108 342 3168 milia
353 3110 517 3182 hominum,
534 3111 605 3186 equi
617 3107 840 3185 quadringenti,
853 3106 941 3182 signa
952 3105 1093 3168 militaria

104 3192 268 3267 sexaginta
289 3191 361 3254 duo.
394 3195 446 3269 qui
469 3193 562 3269 palati
576 3210 594 3253 e
610 3195 682 3269 luga
703 3194 825 3253 domum
842 3207 877 3252 se
889 3191 1089 3267 recipiebant,

103 3279 235 3338 alterum
255 3291 365 3351 agmen
380 3277 598 3339 Celtiberorum
613 3275 796 3338 venientium
811 3275 996 3337 deditionem
1012 3273 1090 3333 Con·

101 3359 222 3422 trebiae
237 3366 267 3419 et
281 3377 370 3421 suam
385 3360 502 3421 cladem
517 3362 668 3423 narrando
684 3356 867 3422 averterunt.
889 3359 1043 3432 extemplo
1058 3355 1090 3414 in

102 3444 193 3505 vicos
209 3445 398 3519 castellaque
413 3460 470 3505 sua
485 3461 591 3506 omnes
607 3445 729 3520 dilapsi.
751 3445 880 3506 Flaccus
895 3459 914 3501 a
929 3439 1092 3501 Contrebia

104 3529 264 3604 proiectus
286 3542 342 3603 per
356 3528 546 3589 Celtiberiam
567 3529 805 3604 populabundus
829 3526 913 3586 ducit
932 3523 1089 3599 legionem

147 3613 395 3672 mmmmmV.
864 3618 880 3670 6
