2598 3956
325 217 441 278 LIBER
455 217 516 278 XL.
540 217 623 278 cut).
638 225 683 282 et.
697 150 920 297 coaluerat]
1077 221 1117 286 77

127 369 236 443 etrum,
261 367 413 428 maximos
440 373 566 428 nostrae
590 368 698 428 aetatis
721 384 814 444 reges
834 370 1007 448 ducesque,
1034 371 1116 436 vice·

126 459 214 525 runt,
232 451 290 513 sed
304 451 356 525 iis,
380 451 431 526 qui
447 450 504 512 hos
523 450 610 526 ipsos
625 449 754 528 Ligures
768 453 952 530 aliquotiens
968 472 1116 532 pecorum

125 536 223 597 modo
237 533 390 610 rugientes
411 549 469 610 per
489 534 586 596 saltus
606 535 708 598 Invios
731 537 899 600 consectati
919 538 1117 604 cecideruntt

127 621 215 697 quod
239 618 383 694 Hispani,
416 618 500 694 quod
531 618 623 694 Galli,
656 619 741 696 quod
766 621 953 684 Macedones
980 621 1116 686 Poenive

125 719 190 766 non
212 703 359 777 audeant,
384 702 560 778 Ligustinus
580 702 679 766 hostis
701 705 812 765 vallum
831 706 1002 768 Romanum
1024 707 1114 784 subit,

126 787 252 850 obsidet
275 789 355 848 ultro
380 793 412 848 et
435 795 608 864 oppugnat,
636 802 727 864 quern
750 795 924 851 scrutantes
950 799 1041 852 antea
1061 793 1114 854 de-

124 869 197 932 vius
219 872 317 932 saltus
342 869 477 932 abditum
497 878 528 933 et
547 873 690 934 latentem
709 872 762 932 vix
785 873 1047 936 inveniebamus;“
1074 877 1115 936 ad

125 956 206 1016 haec
222 953 418 1016 consentiens
436 954 623 1016 reddebatur
640 956 766 1018 militurn
781 957 909 1030 clamor,
931 959 1045 1021 nullam
1059 960 1114 1021 mi·

125 1041 213 1100 litum
228 1040 349 1114 culpam
363 1053 444 1113 esse,
460 1037 572 1113 quibus
586 1055 678 1102 nemo
693 1041 733 1100 ad
749 1042 969 1117 erumpendum
991 1043 1113 1118 signum

125 1123 276 1184 dedisset.
306 1121 540 1198 daretsignum=
564 1124 785 1186 intellecturmn¹
802 1126 931 1186 eosdem
949 1125 1002 1202 qui
1022 1134 1114 1189 antea

121 1207 240 1293 luerint
265 1211 296 1267 et
312 1206 470 1268 Romanos
493 1213 523 1267 et
541 1205 669 1283 Ligures
695 1223 776 1270 esse.
814 1208 949 1270 XXVIII.
974 1209 1046 1271 bina
1067 1207 1112 1272 cis

125 1297 248 1352 montes
271 1291 373 1351 castra
391 1290 536 1366 ngumrn
558 1299 652 1352 erent.
681 1292 775 1352 exiis
792 1293 899 1368 primis
917 1292 1027 1354 diebus
1045 1293 1114 1354 sole

126 1383 196 1436 orto
223 1375 336 1450 pariter
360 1388 467 1435 omnes
494 1374 655 1450 compositi
676 1383 707 1436 et
726 1377 865 1437 instructi
884 1377 1112 1452 procedebants

126 1467 192 1522 tum
205 1458 264 1519 nisi
285 1456 427 1518 exsulati
441 1455 510 1519 cibo
524 1457 660 1534 vinoque
674 1475 759 1520 arma
773 1476 834 1520 non
851 1460 1027 1537 capIebant,
1049 1460 1110 1520 dis-

127 1543 213 1621 persi
233 1541 398 1603 lnordinati
418 1541 556 1617 exibent,
576 1543 738 1618 atquibus
751 1559 809 1619 pro
824 1560 882 1619 spe
897 1551 1013 1606 certum
1028 1551 1112 1606 esset
1146 1600 1148 1608 .

126 1628 235 1692 hostes
251 1629 338 1687 extra
357 1625 472 1686 vallum
486 1625 575 1702 algua
588 1643 649 1688 non
668 1627 812 1690 elaturos.
843 1627 995 1690 adversus
1010 1627 1053 1689 ita
1066 1627 1111 1688 in-

126 1711 318 1788 compositos
333 1725 389 1770 eos
404 1709 563 1774 venientes
579 1712 712 1772 clamore
728 1712 842 1787 pariter
853 1713 996 1786 emulum,
1012 1710 1111 1788 quiin

127 1795 237 1858 castris
259 1801 358 1870 erent,
381 1795 523 1858 colonum
544 1810 668 1871 quoque
684 1803 715 1856 et
726 1796 857 1856 lixarum
878 1796 999 1858 sublato
1020 1795 1111 1856 simul

128 1879 270 1942 omnibus
284 1879 382 1954 portis
393 1879 524 1939 Romani
535 1887 709 1955 eruperunt.
731 1877 893 1956 Liguribus
906 1879 985 1940 adeo
996 1879 1111 1954 impro-

127 1965 196 2025 visa
215 1977 267 2026 res
287 1963 358 2038 luit,
379 1968 414 2022 ut
426 1963 555 2038 perinde
571 1977 609 2023 ac
623 1964 650 2024 si
664 1961 784 2024 insidiis
800 1963 997 2025 circumventi
1013 1963 1112 2024 lorent

127 2043 325 2124 trepidarent.
350 2046 496 2122 exiguum
508 2047 656 2122 temporis
673 2047 777 2122 aliqua
790 2048 889 2108 lorma
905 2061 1025 2122 pugnae
1041 2046 1111 2107 luite

127 2131 323 2208 tugadetnde
334 2129 434 2192 effusa
445 2131 661 2205 etlugientIum
675 2129 794 2206 passim
806 2131 918 2191 caedes
930 2137 1004 2191 erat.
1026 2130 1111 2205 equi

125 2215 209 2276 tibus
231 2215 302 2276 dato
324 2213 430 2290 signo,
455 2220 489 2275 ut
509 2213 754 2275 conscenderent
774 2229 874 2288 equos
895 2229 954 2274 nec
974 2211 1112 2287 effugere

126 2314 313 2376 quemquam
325 2297 471 2374 sinerent
481 2299 510 2358 in
523 2303 739 2358 eastraomnes
749 2297 949 2373 trepidaluga
960 2295 1112 2371 compulsi

126 2391 213 2458 sunt,
235 2383 347 2444 deinde
367 2383 444 2459 ipsis
466 2380 550 2444 exuti
571 2381 689 2442 castris.
722 2397 819 2458 supra
839 2377 1014 2456 qulndecIm
1028 2377 1112 2440 milla

125 2465 270 2544 Ligurum
282 2482 321 2529 eu
333 2466 384 2527 die
396 2468 509 2542 occisa,
525 2467 606 2542 capti
618 2467 679 2528 duc
692 2465 773 2525 milia
785 2462 993 2540 etquingenti.
1008 2463 1110 2524 triduo

126 2559 201 2628 post
215 2551 360 2626 Ligurum
379 2550 584 2626 Ingaunorum
603 2564 715 2611 nomen
737 2563 827 2610 omne
848 2548 1008 2610 obsidibus
1030 2545 1112 2608 datis

19 2615 21 2686 ἕ
124 2637 158 2698 in
171 2633 323 2697 dIcionem
336 2633 429 2696 venit.
450 2635 671 2710 gubernatores
683 2641 856 2708 nautaeque
866 2631 1042 2708 conquisiti,
1058 2631 1111 2706 qui

124 2719 327 2798 praedatores
347 2719 478 2780 luissent
496 2719 642 2790 navibus,
666 2726 757 2794 atque
772 2731 878 2778 omnes
892 2717 924 2778 in
939 2715 1110 2779 custodiam

126 2804 267 2866 coniecti.
295 2811 357 2864 eta
372 2803 403 2865 c.
416 2803 550 2866 ¹Matieno
573 2803 733 2864 duumviro
751 2816 847 2863 naves
862 2800 929 2861 eius
943 2798 1065 2874 generis
1079 2798 1112 2858 in

20 2903 21 2960 3
125 2887 285 2964 Ligustina
306 2902 360 2948 ura
373 2887 495 2964 triginta
506 2889 586 2948 duae
601 2895 709 2962 captae
722 2893 804 2948 sunt.
831 2885 909 2944 haec
924 2883 978 2959 qui
992 2881 1110 2944 nuntia—

19 3003 21 3016 ν
125 2980 195 3035 rent
214 2973 392 3048 litterasque
410 2973 449 3034 ad
470 2979 608 3034 senatum
623 2969 757 3044 terrent,'
770 2969 803 3030 L.
818 2967 962 3030 Aurelius
978 2966 1063 3030 cotta
1077 2964 1112 3026 c.

128 3056 286 3132 SulpicIus
302 3055 407 3118 Gallus
421 3057 549 3119 Romam
564 3055 666 3130 missi,
687 3054 839 3130 simulque
854 3057 1008 3128 peterent,
1029 3057 1063 3113 ut
1076 3049 1109 3110 L.

126 3139 259 3202 Aemilio
281 3142 422 3202 conlecta
442 3141 602 3219 provincia
620 3138 771 3201 decedere
790 3143 823 3213 et
836 3137 991 3200 deducere
1005 3151 1112 3196 secum

126 3223 238 3286 milites
259 3224 364 3285 liceret
385 3232 477 3302 atque
498 3225 656 3287 dimittere.
687 3228 851 3298 utrumque
871 3217 1055 3296 pennissum
1070 3216 1109 3277 ab

127 3317 251 3385 senatu,
273 3316 304 3369 et
324 3309 506 3385 supplicatio
529 3309 570 3368 ad
591 3308 692 3370 omnia
712 3304 885 3384 puluinaria
906 3301 1110 3380 pertriduum

128 3393 261 3468 decreta,
277 3392 417 3468 iussique
432 3400 590 3469 praetores
603 3390 738 3454 Petilllus
753 3387 887 3454 urbanas
903 3386 1052 3449 dimittere
1065 3384 1108 3444 Ie-

127 3476 252 3553 giones,
272 3476 385 3538 Fabius
407 3477 501 3538 sociis
523 3483 614 3552 atque
635 3475 749 3538 nomini
764 3473 870 3536 Latino
890 3469 1042 3532 remittere
1064 3466 1108 3527 di-
