2598 3956
204 232 248 294 oo
381 231 495 291 arana
510 230 569 314 xi..
593 231 674 290 ear.
689 239 732 292 lo.
746 241 789 292 so.
813 236 1005 304 [anama

206 344 387 461 oppugnare
412 381 526 445 institit.
563 381 709 459 oppidani
734 380 862 458 primum
888 367 1035 458 impetum
1055 382 1187 444 hostium

207 469 431 537 sustinuerunt;
455 467 567 528 deinde
582 483 651 526 eum
665 467 725 525 iam
739 480 800 527 non
816 466 907 526 armis
922 465 1014 526 modo
1026 466 1083 527 sed
1098 468 1187 528 etiam

206 551 353 627 operibus
375 559 641 628 oppugnarentur,
664 549 757 610 diffisi
770 549 925 626 praesidio
940 548 1025 610 urbis
1041 549 1071 609 in
1087 565 1188 610 arcem

205 635 342 697 universi
357 641 594 696 concesseruntz
623 641 780 708 postremo
796 641 826 694 et
840 633 911 692 inde
925 633 1104 709 praemissis
1120 651 1187 695 ora-

205 717 324 780 toribus
344 719 375 778 in
397 718 548 779 dicionem
570 734 605 778 se
627 733 747 792 suaque
761 717 861 777 omnia
877 716 1024 776 Romanis
1039 719 1185 792 permise-

206 808 286 862 runt
315 817 427 878 magna
441 801 512 862 inde
526 802 642 877 pracda
659 802 741 861 lacta
755 807 811 861 est.
840 799 926 860 multi
941 800 1053 875 captivi
1068 798 1185 862 nobiles

204 887 234 945 in
256 892 438 960 potestatem
459 893 620 958 venerunt,
642 886 719 945 inter
741 900 820 960 quos
839 883 987 944 elThurri
1007 881 1062 943 lilii
1077 883 1139 944 duo
1158 892 1187 945 et

205 969 276 1030 filia.
299 971 423 1044 regulus
438 968 488 1029 hic
503 984 607 1028 earum
621 967 755 1043 gentium
767 973 839 1042 erat,
854 968 945 1042 longe
957 967 1186 1043 potentissimus

205 1052 339 1112 omnium
358 1052 574 1128 Hispanorum.
608 1050 712 1111 audita
732 1065 857 1112 suorum
882 1051 983 1124 clade,
1009 1051 1113 1110 missis
1135 1050 1185 1126 qui
1286 1085 1287 1098 .

206 1136 298 1195 iidem
319 1134 452 1196 venienti
468 1136 497 1195 in
514 1141 614 1197 eastra
629 1136 668 1194 ad
684 1133 853 1196 Gracchum
867 1139 1020 1210 peterent,
1043 1134 1134 1195 venit.
1157 1142 1187 1195 et

205 1219 336 1293 primum
363 1218 516 1293 quaesivit
541 1220 598 1280 sub
620 1234 699 1279 eone
721 1217 779 1278 sibi
805 1218 910 1279 liceret
930 1232 966 1276 ac
986 1217 1051 1277 suis
1072 1218 1185 1278 vivere.

205 1318 274 1362 cum
296 1310 418 1378 praetor
431 1304 580 1363 victurum
595 1302 824 1377 respondisset,
848 1299 1000 1378 quaesivit
1013 1301 1137 1376 iterum,
1159 1301 1186 1361 si

205 1401 275 1447 cum
288 1387 435 1448 Romanis
449 1386 577 1448 militare
591 1386 705 1448 liceret.
727 1385 758 1445 id
774 1400 898 1461 quoque
911 1383 1048 1445 Graccho
1063 1383 1186 1460 permit·

204 1476 295 1542 tente,
311 1475 464 1544 ‚,sequar“
479 1469 576 1544 inquit
590 1485 666 1544 „vos
678 1469 829 1530 adversus
843 1475 963 1529 veteres
975 1468 1079 1530 socios
1089 1483 1186 1543 meos,

206 1553 350 1630 quoniam
371 1554 439 1613 illos
461 1555 499 1613 ad
515 1569 563 1613 me
575 1553 608 1591 **
620 1553 810 1630 suspicere.“
838 1558 962 1613 secutus
978 1558 1026 1611 est
1039 1551 1110 1611 inde
1123 1554 1185 1612 Ro-

205 1649 323 1709 manos,
339 1636 471 1710 fortique
487 1653 523 1695 ac
538 1636 620 1696 fideli
636 1651 731 1712 opera
741 1636 841 1697 multis
854 1636 930 1696 locis
942 1650 1005 1694 rem
1018 1635 1184 1696 Romanam

206 1718 329 1779 adiuvit.
362 1720 395 1778 L.
417 1719 567 1795 Ergavica
581 1720 660 1794 inde,
677 1719 788 1780 nobilis
804 1727 835 1780 et
849 1726 958 1794 potens
973 1719 1097 1792 civitas,
1112 1718 1184 1779 alio·

152 1879 153 1883 Ἰ
205 1819 270 1862 rum
300 1803 381 1862 circa
409 1803 592 1878 populorum
628 1804 766 1864 cladibus
804 1802 908 1863 territa
934 1808 1040 1878 portas
1067 1802 1187 1879 aperuit

208 1886 360 1947 Romanis.

289 1969 364 2029 Eam
385 1971 570 2031 deditionem
596 1970 779 2046 oppidorum
799 1969 882 2030 haud
903 1985 972 2030 cum
992 1969 1054 2028 lide
1074 1967 1183 2028 laetam

208 2053 330 2126 quidam
346 2060 487 2115 auctores
500 2062 585 2116 sunt:
608 2055 835 2129 equaregione
846 2053 1026 2113 abduxisset
1036 2049 1184 2127 legiones,

208 2140 360 2212 extemplo
375 2136 446 2197 inde
461 2137 654 2211 rebellatum,
673 2152 846 2214 magnoque
861 2153 929 2197 eum
944 2144 1053 2212 postea
1067 2134 1185 2210 proelio

206 2219 246 2279 ad
260 2227 394 2280 montem
406 2220 563 2282 Chaunum
581 2237 650 2282 eum
663 2221 819 2282 Celtiberis
834 2237 853 2280 a
867 2219 964 2295 prima
978 2220 1046 2280 luce
1059 2219 1098 2278 ad
1114 2233 1185 2278 sex·

216 2319 266 2362 am
280 2303 385 2364 horam
402 2304 461 2364 diei
476 2305 572 2379 signis
588 2305 705 2366 collatis
721 2319 891 2380 pugnasse,
906 2304 1019 2364 multos
1033 2302 1185 2377 utrimque

101 2398 106 2410 ¹
206 2387 367 2460 cecidisse,
382 2402 439 2446 nee
451 2388 533 2448 aliud
547 2404 787 2463 magnopere—
797 2389 861 2447 iere
878 2387 975 2447 victos
994 2386 1185 2445 crederes—

205 2471 318 2530 lecisse
332 2471 506 2544 Romanos,
529 2471 588 2532 nisi
602 2478 636 2532 ut
655 2480 781 2547 postero
797 2471 847 2531 die
861 2468 1052 2531 lacessierint
1065 2468 1183 2543 proelio

205 2560 363 2614 manentes
384 2553 462 2614 intra
484 2554 609 2614 vallum=
642 2555 742 2630 spolia
763 2570 818 2632 per
839 2562 934 2616 tntum
953 2554 1033 2614 diem
1053 2550 1183 2628 legisse

204 2637 291 2697 tertio
307 2636 357 2696 die
371 2637 489 2712 proelio
507 2639 621 2700 maiore
639 2639 745 2700 iterum
758 2646 934 2714 pugnatum,
950 2644 1053 2699 etturn
1064 2635 1185 2695 demum

204 2717 400 2781 hauddubie
423 2721 522 2784 victos
545 2720 711 2784 Celtiberos
733 2728 896 2783 castraoue
919 2737 1025 2783 eorum
1046 2726 1136 2794 capta
1156 2726 1186 2777 et

204 2802 325 2880 direpta
339 2819 420 2866 esse.
443 2805 545 2882 viginti
560 2808 621 2869 duo
636 2805 718 2866 milia
731 2805 865 2868 hostiurn
879 2819 916 2867 eo
932 2806 982 2865 die
997 2818 1068 2865 esse
1083 2818 1185 2875 caesa,
1288 2787 1289 2838 ἶ

204 2887 273 2964 plus
288 2895 442 2954 trecentos
464 2899 587 2966 captos,
609 2906 713 2966 parem
729 2891 792 2950 lere
808 2905 957 2967 equorum
972 2903 1141 2961 numerum,
1156 2893 1186 2945 et

204 2971 292 3043 signa
307 2971 445 3032 militaria
459 2975 654 3049 septuaginta
667 2974 740 3035 duo.
768 2974 840 3034 inde
855 2973 1052 3046 debellatum,
1066 2986 1184 3031 veram·
1287 3031 1289 3044 ,

205 3068 266 3125 que
284 3069 400 3129 pacem,
417 3069 477 3116 non
493 3055 586 3132 fluxa,
601 3065 635 3118 ut
649 3064 728 3132 ante,
744 3057 806 3117 lide
822 3055 989 3118 celtiberos
1005 3054 1112 3115 luisse.
1134 3069 1184 3113 ea·

204 3135 274 3194 dem
298 3144 413 3199 aestate
435 3145 465 3198 et
483 3140 517 3199 L.
537 3139 725 3202 Postumium
749 3142 779 3200 in
801 3140 950 3215 Hispania
974 3139 1117 3200 ulteriore
1136 3137 1184 3196 bis

205 3232 273 3278 cum
287 3220 438 3281 Vaccaeis
460 3223 582 3298 egregie
601 3238 759 3300 pugnasse
780 3225 934 3285 scribunt:
957 3223 996 3283 ad
1018 3221 1139 3297 triginta
1155 3228 1186 3280 et

204 3302 340 3378 quinque
364 3304 446 3365 milia
468 3305 600 3368 hostium
625 3308 779 3369 occidisse
799 3316 829 3368 et
851 3314 952 3368 eastra
976 3319 1185 3383 expugnasse.

206 3387 334 3462 propius
357 3404 429 3450 vero
448 3397 496 3450 est
510 3391 609 3453 serius
622 3391 652 3450 in
668 3391 857 3466 provinciam
873 3388 1071 3467 pervenisse,
1093 3403 1184 3464 qnam

204 3475 236 3528 ut
250 3486 287 3530 ea
303 3478 417 3533 aestate
432 3473 562 3551 potuerit
575 3489 626 3536 res
641 3489 757 3550 gerere.
1002 3486 1005 3491 ·
