<?xml version="1.0" encoding="UTF-8"?>
<!DOCTYPE html PUBLIC "-//W3C//DTD XHTML 1.0 Transitional//EN"
    "http://www.w3.org/TR/xhtml1/DTD/xhtml1-transitional.dtd">
<html xmlns="http://www.w3.org/1999/xhtml" xml:lang="en" lang="en">
 <head>
  <title>
</title>
<meta http-equiv="Content-Type" content="text/html;charset=utf-8" />
  <meta name='ocr-system' content='tesseract 3.04.00' />
  <meta name='ocr-capabilities' content='ocr_page ocr_carea ocr_par ocr_line ocrx_word'/>
</head>
<body>
  <div class='ocr_page' id='page_1' title='image "./aburbeconditali09livygoog_0081.png"; bbox 0 0 2592 3964; ppageno 0'>
   <div class='ocr_carea' id='block_1_1' title="bbox 300 175 1126 256">
    <p class='ocr_par' dir='ltr' id='par_1_1' title="bbox 300 175 1126 256">
     <span class='ocr_line' id='line_1_1' title="bbox 300 175 1126 256; baseline 0.013 -20"><span class='ocrx_word' id='word_1_1' title='bbox 300 175 416 238; x_wconf 84' lang='lat' dir='ltr'><strong>LIBER</strong></span> <span class='ocrx_word' id='word_1_2' title='bbox 429 175 561 238; x_wconf 85' lang='lat' dir='ltr'>XXXIX.</span> <span class='ocrx_word' id='word_1_3' title='bbox 585 176 667 238; x_wconf 74' lang='lat' dir='ltr'>OAP.</span> <span class='ocrx_word' id='word_1_4' title='bbox 683 187 727 242; x_wconf 79' lang='lat' dir='ltr'>bb.</span> <span class='ocrx_word' id='word_1_5' title='bbox 739 187 782 242; x_wconf 78' lang='lat' dir='ltr'>dli.</span> <span class='ocrx_word' id='word_1_6' title='bbox 804 185 840 256; x_wconf 82' lang='lat' dir='ltr'>[a.</span> <span class='ocrx_word' id='word_1_7' title='bbox 853 186 884 238; x_wconf 84' lang='lat' dir='ltr'>C.</span> <span class='ocrx_word' id='word_1_8' title='bbox 897 187 959 254; x_wconf 81' lang='lat'><strong>183]</strong></span> <span class='ocrx_word' id='word_1_9' title='bbox 1085 185 1126 248; x_wconf 87' lang='grc'>51</span> 
     </span>
    </p>
   </div>
   <div class='ocr_carea' id='block_1_2' title="bbox 137 327 1128 655">
    <p class='ocr_par' dir='ltr' id='par_1_2' title="bbox 137 327 1128 655">
     <span class='ocr_line' id='line_1_2' title="bbox 137 327 1126 410; baseline 0.004 -18"><span class='ocrx_word' id='word_1_10' title='bbox 137 335 238 392; x_wconf 81' lang='lat' dir='ltr'>tatem</span> <span class='ocrx_word' id='word_1_11' title='bbox 254 327 359 406; x_wconf 91' lang='lat' dir='ltr'>populi</span> <span class='ocrx_word' id='word_1_12' title='bbox 373 327 502 389; x_wconf 88' lang='lat' dir='ltr'>Romani</span> <span class='ocrx_word' id='word_1_13' title='bbox 519 327 718 404; x_wconf 77' lang='lat' dir='ltr'>castigamnt,</span> <span class='ocrx_word' id='word_1_14' title='bbox 736 330 818 406; x_wconf 93' lang='lat' dir='ltr'>quod</span> <span class='ocrx_word' id='word_1_15' title='bbox 841 345 896 390; x_wconf 92' lang='lat' dir='ltr'>eos</span> <span class='ocrx_word' id='word_1_16' title='bbox 918 330 1057 394; x_wconf 87' lang='lat' dir='ltr'>homines</span> <span class='ocrx_word' id='word_1_17' title='bbox 1074 334 1126 410; x_wconf 88' lang='lat' dir='ltr'>qui</span> 
     </span>
     <span class='ocr_line' id='line_1_3' title="bbox 140 412 1128 491; baseline 0.003 -16"><span class='ocrx_word' id='word_1_18' title='bbox 140 415 246 491; x_wconf 76' lang='lat' dir='ltr'>gentis</span> <span class='ocrx_word' id='word_1_19' title='bbox 261 412 378 473; x_wconf 88' lang='lat' dir='ltr'>iniussu</span> <span class='ocrx_word' id='word_1_20' title='bbox 393 412 522 488; x_wconf 85' lang='lat' dir='ltr'>proiecti</span> <span class='ocrx_word' id='word_1_21' title='bbox 537 427 690 489; x_wconf 92' lang='lat' dir='ltr'>occupare</span> <span class='ocrx_word' id='word_1_22' title='bbox 705 429 809 488; x_wconf 82' lang='lat' dir='ltr'>agrum</span> <span class='ocrx_word' id='word_1_23' title='bbox 824 414 943 491; x_wconf 87' lang='lat' dir='ltr'>imperii</span> <span class='ocrx_word' id='word_1_24' title='bbox 952 417 1081 477; x_wconf 87' lang='lat' dir='ltr'>Romani</span> <span class='ocrx_word' id='word_1_25' title='bbox 1097 426 1128 479; x_wconf 92' lang='lat' dir='ltr'>et</span> 
     </span>
     <span class='ocr_line' id='line_1_4' title="bbox 140 496 1125 577; baseline 0.005 -19"><span class='ocrx_word' id='word_1_26' title='bbox 140 497 177 558; x_wconf 90' lang='lat' dir='ltr'>in</span> <span class='ocrx_word' id='word_1_27' title='bbox 189 497 290 558; x_wconf 85' lang='lat' dir='ltr'>alieno</span> <span class='ocrx_word' id='word_1_28' title='bbox 305 498 373 557; x_wconf 91' lang='lat' dir='ltr'>solo</span> <span class='ocrx_word' id='word_1_29' title='bbox 389 497 556 557; x_wconf 87' lang='lat' dir='ltr'>aedificare</span> <span class='ocrx_word' id='word_1_30' title='bbox 577 497 726 572; x_wconf 87' lang='lat' dir='ltr'>oppidum</span> <span class='ocrx_word' id='word_1_31' title='bbox 747 496 848 560; x_wconf 88' lang='lat' dir='ltr'>conati</span> <span class='ocrx_word' id='word_1_32' title='bbox 869 499 945 572; x_wconf 88' lang='lat' dir='ltr'>siat,</span> <span class='ocrx_word' id='word_1_33' title='bbox 961 501 1125 577; x_wconf 91' lang='lat' dir='ltr'>impunitos</span> 
     </span>
     <span class='ocr_line' id='line_1_5' title="bbox 141 579 1126 655; baseline 0.004 -13"><span class='ocrx_word' id='word_1_34' title='bbox 141 580 330 642; x_wconf 73' lang='lat' dir='ltr'>dimiserint:</span> <span class='ocrx_word' id='word_1_35' title='bbox 347 579 492 641; x_wconf 85' lang='lat' dir='ltr'>debuisse</span> <span class='ocrx_word' id='word_1_36' title='bbox 506 597 631 655; x_wconf 82' lang='lat' dir='ltr'>gravem</span> <span class='ocrx_word' id='word_1_37' title='bbox 645 581 822 644; x_wconf 87' lang='lat' dir='ltr'>temeritatis</span> <span class='ocrx_word' id='word_1_38' title='bbox 837 583 1010 645; x_wconf 86' lang='lat' dir='ltr'>mercedem</span> <span class='ocrx_word' id='word_1_39' title='bbox 1025 585 1126 646; x_wconf 89' lang='lat' dir='ltr'>statui.</span> 
     </span>
    </p>
   </div>
   <div class='ocr_carea' id='block_1_3' title="bbox 26 663 1126 742">
    <p class='ocr_par' dir='ltr' id='par_1_3' title="bbox 26 663 1126 742">
     <span class='ocr_line' id='line_1_6' title="bbox 26 663 1126 742; baseline 0.003 -17"><span class='ocrx_word' id='word_1_40' title='bbox 26 685 29 692; x_wconf 60' lang='lat'><strong><em>⁴</em></strong></span> <span class='ocrx_word' id='word_1_41' title='bbox 142 664 233 742; x_wconf 85' lang='lat' dir='ltr'>quod</span> <span class='ocrx_word' id='word_1_42' title='bbox 252 664 432 726; x_wconf 78' lang='lat' dir='ltr'>nemetiam</span> <span class='ocrx_word' id='word_1_43' title='bbox 448 680 505 725; x_wconf 87' lang='lat' dir='ltr'>sua</span> <span class='ocrx_word' id='word_1_44' title='bbox 526 663 730 739; x_wconf 82' lang='lat' dir='ltr'>reddiderint,</span> <span class='ocrx_word' id='word_1_45' title='bbox 750 666 851 726; x_wconf 87' lang='lat' dir='ltr'>vereri</span> <span class='ocrx_word' id='word_1_46' title='bbox 871 683 910 727; x_wconf 89' lang='lat' dir='ltr'>nc</span> <span class='ocrx_word' id='word_1_47' title='bbox 930 673 1014 728; x_wconf 87' lang='lat' dir='ltr'>tanta</span> <span class='ocrx_word' id='word_1_48' title='bbox 1027 669 1126 730; x_wconf 88' lang='lat' dir='ltr'>indul-</span> 
     </span>
    </p>
   </div>
   <div class='ocr_carea' id='block_1_4' title="bbox 140 747 1161 3551">
    <p class='ocr_par' dir='ltr' id='par_1_4' title="bbox 141 747 1124 908">
     <span class='ocr_line' id='line_1_7' title="bbox 141 747 1124 828; baseline 0.004 -20"><span class='ocrx_word' id='word_1_49' title='bbox 141 749 248 826; x_wconf 83' lang='lat' dir='ltr'>gentia</span> <span class='ocrx_word' id='word_1_50' title='bbox 272 749 376 824; x_wconf 86' lang='lat' dir='ltr'>piures</span> <span class='ocrx_word' id='word_1_51' title='bbox 402 747 442 807; x_wconf 90' lang='lat' dir='ltr'>ad</span> <span class='ocrx_word' id='word_1_52' title='bbox 462 749 534 808; x_wconf 89' lang='lat' dir='ltr'>talia</span> <span class='ocrx_word' id='word_1_53' title='bbox 553 748 696 808; x_wconf 90' lang='lat' dir='ltr'>audenda</span> <span class='ocrx_word' id='word_1_54' title='bbox 715 748 916 826; x_wconf 86' lang='lat' dir='ltr'>impellantur.</span> <span class='ocrx_word' id='word_1_55' title='bbox 944 758 975 811; x_wconf 90' lang='lat' dir='ltr'>et</span> <span class='ocrx_word' id='word_1_56' title='bbox 994 767 1124 828; x_wconf 88' lang='lat' dir='ltr'>excepe-</span> 
     </span>
     <span class='ocr_line' id='line_1_8' title="bbox 141 831 845 908; baseline -0.001 -15"><span class='ocrx_word' id='word_1_57' title='bbox 141 838 216 893; x_wconf 87' lang='lat' dir='ltr'>runt</span> <span class='ocrx_word' id='word_1_58' title='bbox 229 839 260 893; x_wconf 87' lang='lat' dir='ltr'>et</span> <span class='ocrx_word' id='word_1_59' title='bbox 274 831 428 908; x_wconf 89' lang='lat' dir='ltr'>prosecuti</span> <span class='ocrx_word' id='word_1_60' title='bbox 443 847 511 891; x_wconf 91' lang='lat' dir='ltr'>cum</span> <span class='ocrx_word' id='word_1_61' title='bbox 526 831 616 893; x_wconf 90' lang='lat' dir='ltr'>donis</span> <span class='ocrx_word' id='word_1_62' title='bbox 632 833 749 908; x_wconf 83' lang='lat' dir='ltr'>legatos</span> <span class='ocrx_word' id='word_1_63' title='bbox 765 839 845 894; x_wconf 89' lang='lat' dir='ltr'>sunt.</span> 
     </span>
    </p>

    <p class='ocr_par' dir='ltr' id='par_1_5' title="bbox 141 915 1125 1580">
     <span class='ocr_line' id='line_1_9' title="bbox 229 915 1125 995; baseline 0.003 -19"><span class='ocrx_word' id='word_1_64' title='bbox 229 916 270 976; x_wconf 90' lang='grc' dir='ltr'>Μ.</span> <span class='ocrx_word' id='word_1_65' title='bbox 287 915 430 977; x_wconf 87' lang='lat' dir='ltr'>Claudius</span> <span class='ocrx_word' id='word_1_66' title='bbox 452 917 561 977; x_wconf 89' lang='lat' dir='ltr'>consul</span> <span class='ocrx_word' id='word_1_67' title='bbox 584 917 677 976; x_wconf 89' lang='lat' dir='ltr'>Gallis</span> <span class='ocrx_word' id='word_1_68' title='bbox 698 932 739 978; x_wconf 85' lang='lat' dir='ltr'>ex</span> <span class='ocrx_word' id='word_1_69' title='bbox 761 916 919 995; x_wconf 90' lang='lat' dir='ltr'>provincia</span> <span class='ocrx_word' id='word_1_70' title='bbox 939 919 1055 979; x_wconf 86' lang='lat' dir='ltr'>exactis</span> <span class='ocrx_word' id='word_1_71' title='bbox 1074 919 1125 980; x_wconf 90' lang='lat' dir='ltr'>Hi·</span> 
     </span>
     <span class='ocr_line' id='line_1_10' title="bbox 144 999 1125 1077; baseline 0.004 -17"><span class='ocrx_word' id='word_1_72' title='bbox 144 999 273 1062; x_wconf 85' lang='lat' dir='ltr'>stricum</span> <span class='ocrx_word' id='word_1_73' title='bbox 294 999 407 1060; x_wconf 90' lang='lat' dir='ltr'>bellum</span> <span class='ocrx_word' id='word_1_74' title='bbox 428 999 528 1062; x_wconf 89' lang='lat' dir='ltr'>moliri</span> <span class='ocrx_word' id='word_1_75' title='bbox 550 1001 652 1076; x_wconf 91' lang='lat' dir='ltr'>coepit</span> <span class='ocrx_word' id='word_1_76' title='bbox 672 999 777 1062; x_wconf 87' lang='lat' dir='ltr'>litteris</span> <span class='ocrx_word' id='word_1_77' title='bbox 797 1002 994 1063; x_wconf 79' lang='lat' dir='ltr'>adsecutum</span> <span class='ocrx_word' id='word_1_78' title='bbox 1011 1004 1125 1077; x_wconf 81' lang='lat' dir='ltr'>missio,</span> 
     </span>
     <span class='ocr_line' id='line_1_11' title="bbox 141 1083 1125 1162; baseline 0.001 -17"><span class='ocrx_word' id='word_1_79' title='bbox 141 1090 178 1145; x_wconf 90' lang='lat' dir='ltr'>ut</span> <span class='ocrx_word' id='word_1_80' title='bbox 192 1085 251 1144; x_wconf 90' lang='lat' dir='ltr'>sibi</span> <span class='ocrx_word' id='word_1_81' title='bbox 265 1085 295 1145; x_wconf 90' lang='lat' dir='ltr'>iu</span> <span class='ocrx_word' id='word_1_82' title='bbox 308 1084 451 1144; x_wconf 81' lang='lat' dir='ltr'>Histriam</span> <span class='ocrx_word' id='word_1_83' title='bbox 471 1083 633 1145; x_wconf 81' lang='lat' dir='ltr'>traducere</span> <span class='ocrx_word' id='word_1_84' title='bbox 653 1083 791 1162; x_wconf 82' lang='lat' dir='ltr'>legiones</span> <span class='ocrx_word' id='word_1_85' title='bbox 812 1086 925 1147; x_wconf 90' lang='lat' dir='ltr'>liceret.</span> <span class='ocrx_word' id='word_1_86' title='bbox 954 1086 986 1146; x_wconf 92' lang='lat' dir='ltr'>id</span> <span class='ocrx_word' id='word_1_87' title='bbox 1007 1089 1125 1148; x_wconf 88' lang='lat' dir='ltr'>senatui</span> 
     </span>
     <span class='ocr_line' id='line_1_12' title="bbox 141 1167 1124 1246; baseline 0.005 -20"><span class='ocrx_word' id='word_1_88' title='bbox 141 1167 270 1244; x_wconf 80' lang='lat' dir='ltr'>placuit.</span> <span class='ocrx_word' id='word_1_89' title='bbox 298 1167 372 1228; x_wconf 91' lang='lat' dir='ltr'>illud</span> <span class='ocrx_word' id='word_1_90' title='bbox 388 1167 554 1242; x_wconf 79' lang='lat' dir='ltr'>agitabant,</span> <span class='ocrx_word' id='word_1_91' title='bbox 571 1169 612 1228; x_wconf 91' lang='lat' dir='ltr'>uti</span> <span class='ocrx_word' id='word_1_92' title='bbox 627 1170 748 1230; x_wconf 90' lang='lat' dir='ltr'>colonia</span> <span class='ocrx_word' id='word_1_93' title='bbox 758 1170 902 1246; x_wconf 85' lang='lat' dir='ltr'>Aquileia</span> <span class='ocrx_word' id='word_1_94' title='bbox 913 1171 1124 1245; x_wconf 89' lang='lat' dir='ltr'>deduceretur,</span> 
     </span>
     <span class='ocr_line' id='line_1_13' title="bbox 142 1251 1124 1325; baseline 0.005 -14"><span class='ocrx_word' id='word_1_95' title='bbox 142 1267 203 1312; x_wconf 89' lang='lat' dir='ltr'>nec</span> <span class='ocrx_word' id='word_1_96' title='bbox 217 1251 293 1313; x_wconf 86' lang='lat' dir='ltr'>satis</span> <span class='ocrx_word' id='word_1_97' title='bbox 309 1251 484 1325; x_wconf 80' lang='lat' dir='ltr'>constabat,</span> <span class='ocrx_word' id='word_1_98' title='bbox 499 1259 598 1312; x_wconf 87' lang='lat' dir='ltr'>utrum</span> <span class='ocrx_word' id='word_1_99' title='bbox 619 1253 756 1313; x_wconf 87' lang='lat' dir='ltr'>Latinam</span> <span class='ocrx_word' id='word_1_100' title='bbox 777 1270 816 1313; x_wconf 89' lang='lat' dir='ltr'>an</span> <span class='ocrx_word' id='word_1_101' title='bbox 839 1253 950 1315; x_wconf 91' lang='lat' dir='ltr'>civium</span> <span class='ocrx_word' id='word_1_102' title='bbox 969 1255 1124 1316; x_wconf 91' lang='lat' dir='ltr'>Romano·</span> 
     </span>
     <span class='ocr_line' id='line_1_14' title="bbox 141 1335 1125 1413; baseline 0.001 -16"><span class='ocrx_word' id='word_1_103' title='bbox 141 1352 211 1397; x_wconf 90' lang='lat' dir='ltr'>rum</span> <span class='ocrx_word' id='word_1_104' title='bbox 226 1335 337 1395; x_wconf 89' lang='lat' dir='ltr'>deduci</span> <span class='ocrx_word' id='word_1_105' title='bbox 352 1338 496 1411; x_wconf 89' lang='lat' dir='ltr'>placeret.</span> <span class='ocrx_word' id='word_1_106' title='bbox 525 1342 682 1410; x_wconf 90' lang='lat' dir='ltr'>postremo</span> <span class='ocrx_word' id='word_1_107' title='bbox 697 1337 833 1398; x_wconf 86' lang='lat' dir='ltr'>Latinam</span> <span class='ocrx_word' id='word_1_108' title='bbox 856 1338 958 1413; x_wconf 91' lang='lat' dir='ltr'>potius</span> <span class='ocrx_word' id='word_1_109' title='bbox 973 1341 1125 1399; x_wconf 91' lang='lat' dir='ltr'>coloniam</span> 
     </span>
     <span class='ocr_line' id='line_1_15' title="bbox 143 1419 1125 1496; baseline 0.004 -17"><span class='ocrx_word' id='word_1_110' title='bbox 143 1419 358 1481; x_wconf 89' lang='lat' dir='ltr'>deducendam</span> <span class='ocrx_word' id='word_1_111' title='bbox 381 1426 483 1496; x_wconf 90' lang='lat' dir='ltr'>patres</span> <span class='ocrx_word' id='word_1_112' title='bbox 506 1428 698 1482; x_wconf 79' lang='lat' dir='ltr'>censuerunt.</span> <span class='ocrx_word' id='word_1_113' title='bbox 726 1420 874 1481; x_wconf 89' lang='lat' dir='ltr'>triumviri</span> <span class='ocrx_word' id='word_1_114' title='bbox 895 1421 988 1482; x_wconf 89' lang='lat' dir='ltr'>creati</span> <span class='ocrx_word' id='word_1_115' title='bbox 1007 1429 1079 1482; x_wconf 91' lang='lat' dir='ltr'>sunt</span> <span class='ocrx_word' id='word_1_116' title='bbox 1091 1421 1125 1483; x_wconf 91' lang='lat' dir='ltr'>P.</span> 
     </span>
     <span class='ocr_line' id='line_1_16' title="bbox 144 1502 970 1580; baseline -0.004 -15"><span class='ocrx_word' id='word_1_117' title='bbox 144 1502 250 1580; x_wconf 87' lang='lat' dir='ltr'>Scipio</span> <span class='ocrx_word' id='word_1_118' title='bbox 265 1503 377 1564; x_wconf 87' lang='lat' dir='ltr'>Nasica</span> <span class='ocrx_word' id='word_1_119' title='bbox 392 1502 424 1563; x_wconf 84' lang='lat' dir='ltr'>C.</span> <span class='ocrx_word' id='word_1_120' title='bbox 437 1503 603 1564; x_wconf 85' lang='lat' dir='ltr'>Flaminius</span> <span class='ocrx_word' id='word_1_121' title='bbox 617 1504 651 1564; x_wconf 88' lang='lat' dir='ltr'>L.</span> <span class='ocrx_word' id='word_1_122' title='bbox 665 1503 797 1565; x_wconf 86' lang='lat' dir='ltr'>Manlius</span> <span class='ocrx_word' id='word_1_123' title='bbox 810 1503 970 1566; x_wconf 84' lang='lat' dir='ltr'>Acidinus.</span> 
     </span>
    </p>

    <p class='ocr_par' dir='ltr' id='par_1_6' title="bbox 141 1587 1161 2334">
     <span class='ocr_line' id='line_1_17' title="bbox 227 1587 1124 1650; baseline 0.001 -3"><span class='ocrx_word' id='word_1_124' title='bbox 227 1587 345 1648; x_wconf 87' lang='lat' dir='ltr'>Eodem</span> <span class='ocrx_word' id='word_1_125' title='bbox 359 1603 440 1650; x_wconf 88' lang='lat' dir='ltr'>anuo</span> <span class='ocrx_word' id='word_1_126' title='bbox 454 1587 569 1650; x_wconf 88' lang='lat' dir='ltr'>Mutina</span> <span class='ocrx_word' id='word_1_127' title='bbox 589 1595 621 1648; x_wconf 89' lang='lat' dir='ltr'>et</span> <span class='ocrx_word' id='word_1_128' title='bbox 639 1587 748 1648; x_wconf 87' lang='lat' dir='ltr'>Parma</span> <span class='ocrx_word' id='word_1_129' title='bbox 766 1588 906 1650; x_wconf 88' lang='lat' dir='ltr'>coloniae</span> <span class='ocrx_word' id='word_1_130' title='bbox 918 1588 1124 1650; x_wconf 87' lang='lat' dir='ltr'>Romanorum</span> 
     </span>
     <span class='ocr_line' id='line_1_18' title="bbox 143 1671 1123 1748; baseline 0 -16"><span class='ocrx_word' id='word_1_131' title='bbox 143 1671 256 1732; x_wconf 93' lang='lat' dir='ltr'>civium</span> <span class='ocrx_word' id='word_1_132' title='bbox 277 1678 349 1732; x_wconf 89' lang='lat' dir='ltr'>sunt</span> <span class='ocrx_word' id='word_1_133' title='bbox 369 1671 529 1732; x_wconf 86' lang='lat' dir='ltr'>deductae.</span> <span class='ocrx_word' id='word_1_134' title='bbox 562 1671 635 1732; x_wconf 90' lang='lat' dir='ltr'>bina</span> <span class='ocrx_word' id='word_1_135' title='bbox 656 1672 738 1734; x_wconf 91' lang='lat' dir='ltr'>milia</span> <span class='ocrx_word' id='word_1_136' title='bbox 757 1671 914 1734; x_wconf 90' lang='lat' dir='ltr'>hominum</span> <span class='ocrx_word' id='word_1_137' title='bbox 935 1671 965 1732; x_wconf 93' lang='lat' dir='ltr'>in</span> <span class='ocrx_word' id='word_1_138' title='bbox 981 1689 1055 1746; x_wconf 81' lang='lat' dir='ltr'>agro</span> <span class='ocrx_word' id='word_1_139' title='bbox 1073 1673 1123 1748; x_wconf 90' lang='lat' dir='ltr'>qui</span> 
     </span>
     <span class='ocr_line' id='line_1_19' title="bbox 141 1754 1125 1833; baseline -0.001 -17"><span class='ocrx_word' id='word_1_140' title='bbox 141 1754 284 1833; x_wconf 85' lang='lat' dir='ltr'>proxime</span> <span class='ocrx_word' id='word_1_141' title='bbox 298 1755 460 1831; x_wconf 90' lang='lat' dir='ltr'>Boiorum,</span> <span class='ocrx_word' id='word_1_142' title='bbox 476 1763 545 1815; x_wconf 86' lang='lat' dir='ltr'>aute</span> <span class='ocrx_word' id='word_1_143' title='bbox 562 1755 731 1816; x_wconf 89' lang='lat' dir='ltr'>Tuscorum</span> <span class='ocrx_word' id='word_1_144' title='bbox 753 1755 868 1831; x_wconf 88' lang='lat' dir='ltr'>luerat,</span> <span class='ocrx_word' id='word_1_145' title='bbox 887 1763 1000 1817; x_wconf 90' lang='lat' dir='ltr'>octona</span> <span class='ocrx_word' id='word_1_146' title='bbox 1019 1754 1125 1831; x_wconf 84' lang='lat' dir='ltr'>iugera</span> 
     </span>
     <span class='ocr_line' id='line_1_20' title="bbox 141 1839 1124 1916; baseline 0 -16"><span class='ocrx_word' id='word_1_147' title='bbox 141 1839 285 1913; x_wconf 89' lang='lat' dir='ltr'>Parmae,</span> <span class='ocrx_word' id='word_1_148' title='bbox 301 1839 744 1916; x_wconf 85' lang='lat' dir='ltr'>quinaMutinaeacoeperunt.</span> <span class='ocrx_word' id='word_1_149' title='bbox 773 1839 1124 1902; x_wconf 84' lang='lat' dir='ltr'>deduxerunttriumviri</span> 
     </span>
     <span class='ocr_line' id='line_1_21' title="bbox 141 1922 1161 2000; baseline -0.002 -15"><span class='ocrx_word' id='word_1_150' title='bbox 141 1923 183 1985; x_wconf 92' lang='grc' dir='ltr'>Μ.</span> <span class='ocrx_word' id='word_1_151' title='bbox 198 1924 347 1984; x_wconf 89' lang='lat' dir='ltr'>Aemilius</span> <span class='ocrx_word' id='word_1_152' title='bbox 360 1922 496 1999; x_wconf 88' lang='lat' dir='ltr'>Lepidus</span> <span class='ocrx_word' id='word_1_153' title='bbox 514 1923 547 1982; x_wconf 89' lang='grc' dir='ltr'>Τ.</span> <span class='ocrx_word' id='word_1_154' title='bbox 562 1923 713 1985; x_wconf 87' lang='lat' dir='ltr'>Aebutius</span> <span class='ocrx_word' id='word_1_155' title='bbox 733 1923 828 1985; x_wconf 83' lang='lat' dir='ltr'>Carus</span> <span class='ocrx_word' id='word_1_156' title='bbox 841 1924 876 1984; x_wconf 93' lang='lat' dir='ltr'>L.</span> <span class='ocrx_word' id='word_1_157' title='bbox 891 1923 1047 2000; x_wconf 80' lang='lat' dir='ltr'>Quinctius</span> <span class='ocrx_word' id='word_1_158' title='bbox 1063 1923 1125 1984; x_wconf 82' lang='lat' dir='ltr'>Cri·</span> <span class='ocrx_word' id='word_1_159' title='bbox 1158 1931 1161 1940; x_wconf 79' lang='grc'><strong>’</strong></span> 
     </span>
     <span class='ocr_line' id='line_1_22' title="bbox 143 2006 1124 2084; baseline -0.002 -15"><span class='ocrx_word' id='word_1_160' title='bbox 143 2007 262 2084; x_wconf 91' lang='lat' dir='ltr'>spinus.</span> <span class='ocrx_word' id='word_1_161' title='bbox 291 2015 321 2068; x_wconf 92' lang='lat' dir='ltr'>et</span> <span class='ocrx_word' id='word_1_162' title='bbox 335 2006 477 2068; x_wconf 89' lang='lat' dir='ltr'>Saturnia</span> <span class='ocrx_word' id='word_1_163' title='bbox 492 2006 614 2068; x_wconf 88' lang='lat' dir='ltr'>colonia</span> <span class='ocrx_word' id='word_1_164' title='bbox 625 2007 737 2068; x_wconf 89' lang='lat' dir='ltr'>civium</span> <span class='ocrx_word' id='word_1_165' title='bbox 751 2008 958 2069; x_wconf 88' lang='lat' dir='ltr'>Romanorum</span> <span class='ocrx_word' id='word_1_166' title='bbox 973 2006 1003 2068; x_wconf 93' lang='lat' dir='ltr'>in</span> <span class='ocrx_word' id='word_1_167' title='bbox 1018 2024 1124 2083; x_wconf 76' lang='lat' dir='ltr'>agrum</span> 
     </span>
     <span class='ocr_line' id='line_1_23' title="bbox 143 2089 1123 2165; baseline 0 -13"><span class='ocrx_word' id='word_1_168' title='bbox 143 2091 334 2152; x_wconf 78' lang='lat' dir='ltr'>Caletranum</span> <span class='ocrx_word' id='word_1_169' title='bbox 350 2097 398 2153; x_wconf 90' lang='lat' dir='ltr'>est</span> <span class='ocrx_word' id='word_1_170' title='bbox 414 2091 556 2150; x_wconf 88' lang='lat' dir='ltr'>deducta.</span> <span class='ocrx_word' id='word_1_171' title='bbox 590 2090 783 2152; x_wconf 85' lang='lat' dir='ltr'>deduxerunt</span> <span class='ocrx_word' id='word_1_172' title='bbox 802 2090 949 2152; x_wconf 88' lang='lat' dir='ltr'>triumviri</span> <span class='ocrx_word' id='word_1_173' title='bbox 963 2091 996 2165; x_wconf 79' lang='lat' dir='ltr'>Q.</span> <span class='ocrx_word' id='word_1_174' title='bbox 1011 2089 1123 2152; x_wconf 86' lang='lat' dir='ltr'>Fabius</span> 
     </span>
     <span class='ocr_line' id='line_1_24' title="bbox 141 2173 1123 2250; baseline -0.002 -13"><span class='ocrx_word' id='word_1_175' title='bbox 141 2175 246 2238; x_wconf 88' lang='lat' dir='ltr'>Labeo</span> <span class='ocrx_word' id='word_1_176' title='bbox 268 2175 299 2234; x_wconf 86' lang='lat' dir='ltr'>c.</span> <span class='ocrx_word' id='word_1_177' title='bbox 319 2175 464 2235; x_wconf 75' lang='lat' dir='ltr'>Afranius</span> <span class='ocrx_word' id='word_1_178' title='bbox 487 2173 592 2235; x_wconf 87' lang='lat' dir='ltr'>Stellio</span> <span class='ocrx_word' id='word_1_179' title='bbox 613 2173 656 2234; x_wconf 91' lang='lat' dir='ltr'>Ti.</span> <span class='ocrx_word' id='word_1_180' title='bbox 679 2173 880 2250; x_wconf 85' lang='lat' dir='ltr'>Sempronius</span> <span class='ocrx_word' id='word_1_181' title='bbox 899 2173 1064 2234; x_wconf 87' lang='lat' dir='ltr'>Gracchus.</span> <span class='ocrx_word' id='word_1_182' title='bbox 1095 2175 1123 2235; x_wconf 91' lang='lat' dir='ltr'>in</span> 
     </span>
     <span class='ocr_line' id='line_1_25' title="bbox 142 2256 626 2334; baseline -0.01 -14"><span class='ocrx_word' id='word_1_183' title='bbox 142 2259 281 2334; x_wconf 82' lang='lat' dir='ltr'>singulos</span> <span class='ocrx_word' id='word_1_184' title='bbox 297 2259 403 2334; x_wconf 80' lang='lat' dir='ltr'>iugera</span> <span class='ocrx_word' id='word_1_185' title='bbox 418 2258 489 2317; x_wconf 90' lang='lat' dir='ltr'>data</span> <span class='ocrx_word' id='word_1_186' title='bbox 509 2256 626 2317; x_wconf 83' lang='lat' dir='ltr'>decem.</span> 
     </span>
    </p>

    <p class='ocr_par' dir='ltr' id='par_1_7' title="bbox 140 2339 1125 3004">
     <span class='ocr_line' id='line_1_26' title="bbox 225 2339 1125 2418; baseline -0.002 -16"><span class='ocrx_word' id='word_1_187' title='bbox 225 2344 302 2403; x_wconf 89' lang='lat' dir='ltr'>LVI.</span> <span class='ocrx_word' id='word_1_188' title='bbox 324 2341 442 2402; x_wconf 88' lang='lat' dir='ltr'>Eodem</span> <span class='ocrx_word' id='word_1_189' title='bbox 461 2357 541 2402; x_wconf 92' lang='lat' dir='ltr'>anno</span> <span class='ocrx_word' id='word_1_190' title='bbox 557 2341 594 2400; x_wconf 92' lang='grc' dir='ltr'>Α.</span> <span class='ocrx_word' id='word_1_191' title='bbox 605 2340 763 2403; x_wconf 87' lang='lat' dir='ltr'>Terentius</span> <span class='ocrx_word' id='word_1_192' title='bbox 775 2339 942 2418; x_wconf 87' lang='lat' dir='ltr'>proconsul</span> <span class='ocrx_word' id='word_1_193' title='bbox 955 2340 1039 2402; x_wconf 88' lang='lat' dir='ltr'>baud</span> <span class='ocrx_word' id='word_1_194' title='bbox 1054 2355 1125 2418; x_wconf 87' lang='lat' dir='ltr'>pro·</span> 
     </span>
     <span class='ocr_line' id='line_1_27' title="bbox 143 2424 1124 2502; baseline -0.002 -14"><span class='ocrx_word' id='word_1_195' title='bbox 143 2428 191 2488; x_wconf 92' lang='lat' dir='ltr'>cul</span> <span class='ocrx_word' id='word_1_196' title='bbox 206 2425 331 2488; x_wconf 84' lang='lat' dir='ltr'>flumine</span> <span class='ocrx_word' id='word_1_197' title='bbox 346 2425 477 2500; x_wconf 85' lang='lat' dir='ltr'>Hibero,</span> <span class='ocrx_word' id='word_1_198' title='bbox 491 2425 521 2486; x_wconf 89' lang='lat' dir='ltr'>iu</span> <span class='ocrx_word' id='word_1_199' title='bbox 537 2440 612 2500; x_wconf 81' lang='lat' dir='ltr'>agro</span> <span class='ocrx_word' id='word_1_200' title='bbox 627 2427 801 2500; x_wconf 87' lang='lat' dir='ltr'>Ausetano,</span> <span class='ocrx_word' id='word_1_201' title='bbox 817 2432 847 2486; x_wconf 91' lang='lat' dir='ltr'>et</span> <span class='ocrx_word' id='word_1_202' title='bbox 859 2424 976 2502; x_wconf 87' lang='lat' dir='ltr'>proelia</span> <span class='ocrx_word' id='word_1_203' title='bbox 986 2425 1124 2486; x_wconf 86' lang='lat' dir='ltr'>secunda</span> 
     </span>
     <span class='ocr_line' id='line_1_28' title="bbox 143 2508 1124 2585; baseline -0.005 -13"><span class='ocrx_word' id='word_1_204' title='bbox 143 2527 212 2573; x_wconf 90' lang='lat' dir='ltr'>cum</span> <span class='ocrx_word' id='word_1_205' title='bbox 227 2509 384 2573; x_wconf 83' lang='lat' dir='ltr'>Celtiberis</span> <span class='ocrx_word' id='word_1_206' title='bbox 411 2510 495 2582; x_wconf 87' lang='lat' dir='ltr'>lecit,</span> <span class='ocrx_word' id='word_1_207' title='bbox 521 2515 552 2568; x_wconf 90' lang='lat' dir='ltr'>et</span> <span class='ocrx_word' id='word_1_208' title='bbox 577 2509 693 2585; x_wconf 89' lang='lat' dir='ltr'>oppida</span> <span class='ocrx_word' id='word_1_209' title='bbox 718 2526 798 2584; x_wconf 88' lang='lat' dir='ltr'>quae</span> <span class='ocrx_word' id='word_1_210' title='bbox 822 2508 864 2570; x_wconf 92' lang='lat' dir='ltr'>ibi</span> <span class='ocrx_word' id='word_1_211' title='bbox 885 2510 1124 2572; x_wconf 89' lang='lat' dir='ltr'>communierant</span> 
     </span>
     <span class='ocr_line' id='line_1_29' title="bbox 142 2591 1124 2671; baseline -0.004 -15"><span class='ocrx_word' id='word_1_212' title='bbox 142 2595 259 2671; x_wconf 86' lang='lat' dir='ltr'>aliquot</span> <span class='ocrx_word' id='word_1_213' title='bbox 274 2593 473 2670; x_wconf 84' lang='lat' dir='ltr'>expugnavit.</span> <span class='ocrx_word' id='word_1_214' title='bbox 506 2593 634 2653; x_wconf 88' lang='lat' dir='ltr'>ulterior</span> <span class='ocrx_word' id='word_1_215' title='bbox 653 2591 804 2668; x_wconf 86' lang='lat' dir='ltr'>Hispania</span> <span class='ocrx_word' id='word_1_216' title='bbox 824 2609 862 2654; x_wconf 87' lang='lat' dir='ltr'>eo</span> <span class='ocrx_word' id='word_1_217' title='bbox 885 2609 966 2654; x_wconf 92' lang='lat' dir='ltr'>anno</span> <span class='ocrx_word' id='word_1_218' title='bbox 993 2593 1022 2654; x_wconf 92' lang='lat' dir='ltr'>in</span> <span class='ocrx_word' id='word_1_219' title='bbox 1046 2607 1124 2670; x_wconf 85' lang='lat' dir='ltr'>pace</span> 
     </span>
     <span class='ocr_line' id='line_1_30' title="bbox 143 2674 1125 2754; baseline -0.004 -14"><span class='ocrx_word' id='word_1_220' title='bbox 143 2679 210 2752; x_wconf 80' lang='lat' dir='ltr'>mit,</span> <span class='ocrx_word' id='word_1_221' title='bbox 226 2679 296 2754; x_wconf 88' lang='lat' dir='ltr'>quia</span> <span class='ocrx_word' id='word_1_222' title='bbox 311 2685 342 2738; x_wconf 86' lang='lat' dir='ltr'>et</span> <span class='ocrx_word' id='word_1_223' title='bbox 360 2677 392 2736; x_wconf 89' lang='lat' dir='ltr'>P.</span> <span class='ocrx_word' id='word_1_224' title='bbox 412 2677 615 2753; x_wconf 89' lang='lat' dir='ltr'>Sempronius</span> <span class='ocrx_word' id='word_1_225' title='bbox 636 2678 804 2752; x_wconf 91' lang='lat' dir='ltr'>proconsul</span> <span class='ocrx_word' id='word_1_226' title='bbox 822 2677 938 2738; x_wconf 88' lang='lat' dir='ltr'>diutino</span> <span class='ocrx_word' id='word_1_227' title='bbox 953 2674 1060 2737; x_wconf 88' lang='lat' dir='ltr'>morbo</span> <span class='ocrx_word' id='word_1_228' title='bbox 1077 2681 1125 2736; x_wconf 76' lang='lat' dir='ltr'>est</span> 
     </span>
     <span class='ocr_line' id='line_1_31' title="bbox 143 2727 1124 2839; baseline -0.003 -16"><span class='ocrx_word' id='word_1_229' title='bbox 143 2727 322 2839; x_wconf 74' lang='lat' dir='ltr'>implicitas,</span> <span class='ocrx_word' id='word_1_230' title='bbox 343 2767 374 2822; x_wconf 88' lang='lat' dir='ltr'>et</span> <span class='ocrx_word' id='word_1_231' title='bbox 393 2762 477 2822; x_wconf 91' lang='lat' dir='ltr'>nullo</span> <span class='ocrx_word' id='word_1_232' title='bbox 498 2760 670 2820; x_wconf 88' lang='lat' dir='ltr'>lacessente</span> <span class='ocrx_word' id='word_1_233' title='bbox 692 2768 921 2836; x_wconf 88' lang='lat' dir='ltr'>peropportune</span> <span class='ocrx_word' id='word_1_234' title='bbox 942 2776 1034 2836; x_wconf 85' lang='lat' dir='ltr'>quiet</span> <span class='ocrx_word' id='word_1_235' title='bbox 1036 2767 1124 2821; x_wconf 88' lang='lat' dir='ltr'>erunt</span> 
     </span>
     <span class='ocr_line' id='line_1_32' title="bbox 140 2842 1122 2966; baseline -0.006 -58"><span class='ocrx_word' id='word_1_236' title='bbox 140 2845 286 2908; x_wconf 87' lang='lat' dir='ltr'>Lusitani.</span> <span class='ocrx_word' id='word_1_237' title='bbox 314 2860 372 2906; x_wconf 89' lang='lat' dir='ltr'>nec</span> <span class='ocrx_word' id='word_1_238' title='bbox 398 2845 428 2905; x_wconf 90' lang='lat' dir='ltr'>in</span> <span class='ocrx_word' id='word_1_239' title='bbox 451 2842 613 2920; x_wconf 83' lang='lat' dir='ltr'>Liguribus</span> <span class='ocrx_word' id='word_1_240' title='bbox 638 2842 835 2905; x_wconf 89' lang='lat' dir='ltr'>memorabile</span> <span class='ocrx_word' id='word_1_241' title='bbox 860 2843 1024 2966; x_wconf 86' lang='lat' dir='ltr'>quicquam</span> <span class='ocrx_word' id='word_1_242' title='bbox 1048 2859 1067 2902; x_wconf 91' lang='lat' dir='ltr'>a</span> <span class='ocrx_word' id='word_1_243' title='bbox 1089 2843 1122 2917; x_wconf 83' lang='lat' dir='ltr'>Q</span> 
     </span>
     <span class='ocr_line' id='line_1_33' title="bbox 141 2929 522 3004; baseline -0.011 -12"><span class='ocrx_word' id='word_1_244' title='bbox 141 2929 234 2992; x_wconf 84' lang='lat' dir='ltr'>Fabio</span> <span class='ocrx_word' id='word_1_245' title='bbox 250 2931 378 2991; x_wconf 90' lang='lat' dir='ltr'>consule</span> <span class='ocrx_word' id='word_1_246' title='bbox 392 2935 522 3004; x_wconf 84' lang='lat' dir='ltr'>gestum.</span> 
     </span>
    </p>

    <p class='ocr_par' dir='ltr' id='par_1_8' title="bbox 140 3009 1121 3551">
     <span class='ocr_line' id='line_1_34' title="bbox 223 3009 1120 3076; baseline -0.003 0"><span class='ocrx_word' id='word_1_247' title='bbox 223 3015 270 3076; x_wconf 85' lang='lat' dir='ltr'>Ex</span> <span class='ocrx_word' id='word_1_248' title='bbox 286 3013 400 3076; x_wconf 87' lang='lat' dir='ltr'>Histria</span> <span class='ocrx_word' id='word_1_249' title='bbox 413 3013 454 3074; x_wconf 92' lang='grc' dir='ltr'>Μ.</span> <span class='ocrx_word' id='word_1_250' title='bbox 468 3011 632 3073; x_wconf 86' lang='lat' dir='ltr'>Marcellus</span> <span class='ocrx_word' id='word_1_251' title='bbox 655 3018 819 3074; x_wconf 89' lang='lat' dir='ltr'>revocatus</span> <span class='ocrx_word' id='word_1_252' title='bbox 841 3010 977 3073; x_wconf 87' lang='lat' dir='ltr'>exercitu</span> <span class='ocrx_word' id='word_1_253' title='bbox 993 3009 1120 3073; x_wconf 86' lang='lat' dir='ltr'>dimisso</span> 
     </span>
     <span class='ocr_line' id='line_1_35' title="bbox 140 3095 1121 3160; baseline -0.005 -1"><span class='ocrx_word' id='word_1_254' title='bbox 140 3099 269 3160; x_wconf 81' lang='lat' dir='ltr'>Romam</span> <span class='ocrx_word' id='word_1_255' title='bbox 290 3097 480 3158; x_wconf 91' lang='lat' dir='ltr'>comitiorum</span> <span class='ocrx_word' id='word_1_256' title='bbox 501 3112 597 3156; x_wconf 88' lang='lat' dir='ltr'>causa</span> <span class='ocrx_word' id='word_1_257' title='bbox 615 3095 713 3156; x_wconf 88' lang='lat' dir='ltr'>rediit.</span> <span class='ocrx_word' id='word_1_258' title='bbox 757 3096 873 3156; x_wconf 86' lang='lat' dir='ltr'>creavit</span> <span class='ocrx_word' id='word_1_259' title='bbox 901 3097 1046 3157; x_wconf 88' lang='lat' dir='ltr'>consules</span> <span class='ocrx_word' id='word_1_260' title='bbox 1068 3095 1121 3156; x_wconf 87' lang='lat' dir='ltr'>Cn.</span> 
     </span>
     <span class='ocr_line' id='line_1_36' title="bbox 140 3179 1120 3257; baseline -0.005 -14"><span class='ocrx_word' id='word_1_261' title='bbox 140 3181 286 3244; x_wconf 86' lang='lat' dir='ltr'>Baebium</span> <span class='ocrx_word' id='word_1_262' title='bbox 297 3181 488 3257; x_wconf 89' lang='lat' dir='ltr'>Tamphilum</span> <span class='ocrx_word' id='word_1_263' title='bbox 499 3179 574 3241; x_wconf 86' lang='lat' dir='ltr'>etL</span> <span class='ocrx_word' id='word_1_264' title='bbox 583 3179 747 3242; x_wconf 78' lang='lat' dir='ltr'>Aemilium</span> <span class='ocrx_word' id='word_1_265' title='bbox 758 3180 894 3242; x_wconf 90' lang='lat' dir='ltr'>Paulum.</span> <span class='ocrx_word' id='word_1_266' title='bbox 924 3195 992 3241; x_wconf 91' lang='lat' dir='ltr'>oum</span> <span class='ocrx_word' id='word_1_267' title='bbox 1007 3179 1047 3240; x_wconf 92' lang='grc' dir='ltr'>Μ.</span> <span class='ocrx_word' id='word_1_268' title='bbox 1059 3181 1120 3239; x_wconf 88' lang='lat' dir='ltr'>Ae-</span> 
     </span>
     <span class='ocr_line' id='line_1_37' title="bbox 140 3263 1120 3341; baseline -0.005 -15"><span class='ocrx_word' id='word_1_269' title='bbox 140 3265 223 3326; x_wconf 91' lang='lat' dir='ltr'>milio</span> <span class='ocrx_word' id='word_1_270' title='bbox 239 3265 357 3341; x_wconf 90' lang='lat' dir='ltr'>Lepido</span> <span class='ocrx_word' id='word_1_271' title='bbox 384 3265 434 3326; x_wconf 90' lang='lat' dir='ltr'>hic</span> <span class='ocrx_word' id='word_1_272' title='bbox 458 3263 567 3326; x_wconf 87' lang='lat' dir='ltr'>aedilis</span> <span class='ocrx_word' id='word_1_273' title='bbox 592 3263 707 3325; x_wconf 82' lang='lat' dir='ltr'>curulis</span> <span class='ocrx_word' id='word_1_274' title='bbox 732 3265 847 3334; x_wconf 85' lang='lat' dir='ltr'>luerat,</span> <span class='ocrx_word' id='word_1_275' title='bbox 872 3279 892 3325; x_wconf 92' lang='lat' dir='ltr'>a</span> <span class='ocrx_word' id='word_1_276' title='bbox 914 3280 976 3341; x_wconf 83' lang='lat' dir='ltr'>qno</span> <span class='ocrx_word' id='word_1_277' title='bbox 991 3263 1120 3324; x_wconf 87' lang='lat' dir='ltr'>consule</span> 
     </span>
     <span class='ocr_line' id='line_1_38' title="bbox 142 3345 1119 3427; baseline -0.008 -16"><span class='ocrx_word' id='word_1_278' title='bbox 142 3349 263 3427; x_wconf 87' lang='lat' dir='ltr'>quintus</span> <span class='ocrx_word' id='word_1_279' title='bbox 279 3365 379 3409; x_wconf 87' lang='lat' dir='ltr'>annus</span> <span class='ocrx_word' id='word_1_280' title='bbox 396 3355 480 3426; x_wconf 85' lang='lat' dir='ltr'>erat,</span> <span class='ocrx_word' id='word_1_281' title='bbox 504 3362 573 3408; x_wconf 91' lang='lat' dir='ltr'>cum</span> <span class='ocrx_word' id='word_1_282' title='bbox 592 3345 648 3410; x_wconf 89' lang='lat' dir='ltr'>is</span> <span class='ocrx_word' id='word_1_283' title='bbox 639 3363 708 3426; x_wconf 83' lang='lat' dir='ltr'>ipse</span> <span class='ocrx_word' id='word_1_284' title='bbox 727 3348 863 3426; x_wconf 88' lang='lat' dir='ltr'>Lepidos</span> <span class='ocrx_word' id='word_1_285' title='bbox 884 3355 958 3425; x_wconf 91' lang='lat' dir='ltr'>post</span> <span class='ocrx_word' id='word_1_286' title='bbox 977 3345 1056 3408; x_wconf 87' lang='lat' dir='ltr'>duos</span> <span class='ocrx_word' id='word_1_287' title='bbox 1071 3360 1119 3404; x_wconf 90' lang='lat' dir='ltr'>re-</span> 
     </span>
     <span class='ocr_line' id='line_1_39' title="bbox 140 3426 1116 3551; baseline -0.007 -54"><span class='ocrx_word' id='word_1_288' title='bbox 140 3435 247 3512; x_wconf 79' lang='lat' dir='ltr'>pulsas</span> <span class='ocrx_word' id='word_1_289' title='bbox 262 3431 372 3495; x_wconf 89' lang='lat' dir='ltr'>consul</span> <span class='ocrx_word' id='word_1_290' title='bbox 386 3431 485 3495; x_wconf 87' lang='lat' dir='ltr'>iactus</span> <span class='ocrx_word' id='word_1_291' title='bbox 506 3438 598 3494; x_wconf 87' lang='lat' dir='ltr'>esset</span> <span class='ocrx_word' id='word_1_292' title='bbox 624 3439 785 3509; x_wconf 85' lang='lat' dir='ltr'>praetores</span> <span class='ocrx_word' id='word_1_293' title='bbox 805 3432 878 3494; x_wconf 89' lang='lat' dir='ltr'>inde</span> <span class='ocrx_word' id='word_1_294' title='bbox 893 3430 972 3551; x_wconf 46' lang='lat' dir='ltr'>*iacti</span> <span class='ocrx_word' id='word_1_295' title='bbox 993 3428 1026 3504; x_wconf 79' lang='lat' dir='ltr'>Q.</span> <span class='ocrx_word' id='word_1_296' title='bbox 1047 3426 1116 3490; x_wconf 77' lang='lat' dir='ltr'>eut-</span> 
     </span>
    </p>
   </div>
   <div class='ocr_carea' id='block_1_5' title="bbox 0 0 1300 3964">
    <p class='ocr_par' dir='ltr' id='par_1_9' title="bbox 0 0 1300 3964">
     <span class='ocr_line' id='line_1_40' title="bbox 0 0 1300 3964; baseline 0 0"><span class='ocrx_word' id='word_1_297' title='bbox 0 0 1300 3964; x_wconf 95' lang='lat' dir='ltr'> </span> 
     </span>
    </p>
   </div>
  </div>
 </body>
</html>
