2570 3952
316 161 431 224 LIBER
444 161 534 222 XLV.
557 162 640 223 CAP.
656 171 699 226 28.
711 171 755 226 29.
776 168 813 238 [a.
826 169 858 222 0.
871 171 933 238 167]
1048 165 1111 231 281

130 316 216 374 mare
230 313 337 374 decem
353 313 480 389 legatos
495 313 637 376 omnibus
650 314 717 382 aliis
730 313 854 378 omissis
864 313 1061 391 Apolloniam
1074 320 1111 378 ad

131 412 187 458 eos
209 395 317 473 pergit.
352 411 413 473 quo
435 411 505 457 eum
526 395 657 466 Perseus
679 397 802 460 obviam
823 397 1003 475 Amphipoli
1023 399 1113 462 nimis

131 483 232 542 soluta
252 479 394 544 custodia
408 481 673 556 processisset-
688 481 720 541 id
735 480 796 542 diei
816 479 874 544 iter
893 491 998 545 est-
1012 485 1114 561 ipsum

131 563 257 639 quidem
277 563 412 640 benigne
432 564 585 628 allocutus
600 570 662 626 est:
686 573 820 628 ceterum
835 573 1002 643 postquam
1017 570 1048 628 in
1064 587 1114 632 ea·

129 656 195 709 stru
216 648 258 708 ad
270 647 481 725 Amphipolim
501 649 600 722 venit,
622 649 756 724 graviter
776 649 971 728 increpuisse
986 653 1115 715 traditur

130 731 163 792 C.
180 730 364 809 Sulpicium,
385 731 518 810 primum
540 732 625 810 quod
644 731 759 795 Persea
779 741 841 794 tarn
855 736 963 810 procul
979 751 998 796 a
1012 751 1048 797 se
1061 755 1114 798 va-

129 814 196 890 gari
211 831 267 892 per
279 817 470 893 provinciam
483 831 599 894 passus
614 822 713 892 esset,
735 817 848 890 deinde
870 818 955 894 quod
975 819 1055 882 adeo
1071 820 1115 880 in-

130 897 280 967 dulsisset
302 900 461 976 militibus,
490 907 525 965 ut
548 900 666 962 nudare
691 901 802 976 tegulis
831 917 937 964 muros
964 903 1050 965 urbis
1076 905 1116 964 ad

129 983 263 1060 tegenda
283 983 481 1049 hibernacula
502 1001 560 1048 sua
579 990 743 1061 pateretur.
763 987 935 1064 referrique
949 987 1069 1064 tegulas
1086 997 1113 1052 el

129 1067 215 1130 retici
230 1074 326 1146 tecta,
347 1069 428 1132 sicut
448 1070 583 1142 fuerant,
606 1069 704 1132 iussit.
726 1078 757 1131 et
775 1069 890 1134 Persea
904 1072 1030 1148 quidem
1046 1088 1116 1133 cum

128 1151 246 1213 maiore
264 1151 328 1215 filio
348 1153 490 1229 Philippo
509 1153 638 1215 traditos
658 1154 697 1222 A,
718 1152 875 1226 Postumio
896 1155 927 1216 in
943 1157 1115 1218 custodiam

128 1235 226 1310 misit,
249 1235 343 1300 illlam
363 1253 433 1300 eum
454 1238 572 1297 minore
585 1236 648 1306 illio
663 1253 682 1298 a
696 1235 896 1310 Samothrace
909 1241 1026 1301 accitos
1041 1241 1113 1300 Arm·

129 1319 280 1394 phipolim
295 1320 378 1380 omni
391 1319 511 1381 liberali
526 1321 609 1381 ctdtu
621 1320 737 1385 habuit.
758 1321 864 1383 XXIX.
886 1321 964 1398 ipse,
979 1322 1032 1383 ubi
1048 1324 1114 1383 dies

128 1403 227 1476 venit,
255 1419 317 1480 quo
339 1403 452 1465 adesse
472 1402 652 1480 Amphipoli
665 1404 763 1474 denos
778 1405 935 1480 principes
949 1405 1112 1469 eivitatium

128 1487 271 1564 iusserat,
286 1488 466 1564 litterasque
478 1504 595 1560 omnes,
610 1503 689 1566 quae
699 1488 816 1564 ubique
827 1483 988 1565 depositae
999 1499 1111 1564 essent,

128 1577 160 1634 et
174 1572 337 1648 pecuniam
349 1573 466 1649 regiam
480 1572 621 1648 conferri,
644 1588 713 1633 cum
727 1573 835 1636 decem
849 1574 969 1649 legatis,
985 1574 1112 1636 eircum-

128 1655 198 1717 lusa
213 1657 295 1717 omni
315 1657 505 1720 multitudine
518 1657 738 1730 Macedonum,
759 1655 790 1718 in
804 1655 947 1719 tribunali
962 1660 1113 1721 consedit.

129 1739 268 1802 adsuetis
288 1739 375 1818 regio
395 1740 524 1819 imperio
545 1749 647 1804 tamen
668 1757 783 1804 novum
805 1742 934 1816 sormam
947 1741 1113 1803 terribilem

129 1824 268 1899 praebuit
282 1825 412 1888 tribunal
427 1832 579 1888 summoto
594 1825 724 1900 aditum,
745 1841 869 1901 praeco,
883 1841 1051 1902 aecensus,
1066 1825 1112 1887 in·

129 1913 218 1968 sueta
233 1907 336 1971 omnia
350 1909 448 1973 oculis
463 1910 667 1986 curtemque,
691 1924 771 1987 quae
791 1909 840 1970 vel
855 1910 977 1986 scelos,
997 1909 1112 1971 nedum

128 1990 236 2054 hostes
259 1991 359 2056 victos
383 2001 499 2056 terrere
524 2000 663 2071 possent.
694 1992 816 2055 silentio
841 2010 898 2070 per
924 2009 1110 2070 praeconem

129 2074 226 2149 iacto,
247 2074 361 2138 Paulus
377 2076 492 2152 Latine,
510 2093 590 2154 quae
605 2078 740 2152 senatui,
761 2075 842 2152 puae
863 2076 923 2140 sibi
938 2093 978 2138 ex
993 2078 1112 2138 consilii

129 2159 281 2220 sententia
295 2161 365 2222 visa
379 2169 493 2234 essent,
510 2161 724 2238 pronuntiavit.
747 2175 786 2221 ea
797 2161 850 2222 cn.
864 2159 1010 2221 Octavius
1022 2177 1111 2236 prae·

127 2248 177 2304 tor
193 2277 222 2288 -
245 2259 316 2304 nam
331 2251 362 2305 et
374 2244 444 2320 ipse
459 2244 566 2306 aderat
580 2277 616 2288 -
629 2244 828 2318 interpretata
838 2258 982 2306 sermone
994 2244 1112 2304 Graeco

127 2327 290 2388 referebat.
303 2327 438 2390 omnium
448 2328 580 2405 primum
589 2327 702 2388 liberos
715 2342 788 2389 esse
800 2327 906 2390 iubere
912 2327 1110 2401 Macedonas,

127 2408 276 2473 habentes
297 2411 391 2475 urbes
412 2413 539 2474 easdem
559 2427 729 2488 agrosque,
750 2418 873 2474 utentes
894 2411 1015 2487 legibus
1035 2410 1110 2485 suis,

127 2510 247 2556 annuos
273 2503 414 2558 creantes
439 2497 651 2573 magistratum
684 2495 827 2558 tributum
856 2495 1013 2558 dimidium
1044 2493 1111 2556 eius

129 2579 215 2656 quod
229 2580 452 2657 pependissent
465 2580 598 2657 regibus,
615 2580 752 2658 pendere
762 2582 880 2657 populo
891 2582 1042 2642 Romano.
1058 2580 1110 2640 de-

127 2662 200 2723 inde
214 2664 244 2724 in
262 2671 404 2738 quattuor
418 2666 561 2740 regiones
577 2662 673 2725 dividi
686 2665 914 2726 Macedoniam:
936 2680 1029 2726 unam
1045 2665 1111 2726 lore

127 2752 158 2807 et
171 2745 300 2822 primam
314 2756 432 2824 partem
454 2750 538 2824 quod
552 2749 618 2823 agri
632 2749 711 2811 inter
725 2747 921 2826 Strymonem
935 2753 966 2809 et
978 2747 1111 2810 Nessum

127 2845 248 2892 amnem
262 2832 310 2906 sit,
328 2847 526 2894 accessurum
542 2830 613 2892 huic
628 2833 706 2907 parti
721 2839 805 2892 trans
816 2832 949 2892 Nessum
960 2831 1000 2891 ad
1011 2828 1110 2890 orien-

126 2921 189 2976 tem
202 2932 336 2991 versum,
358 2933 419 2992 que
432 2915 565 2979 Perseus
579 2917 732 2979 tenuisset
742 2917 830 2976 vicos
846 2915 972 2976 castella
985 2915 1109 2990 oppida,

128 3005 250 3072 praeter
270 3003 390 3062 Aenum
411 3009 443 3064 et
460 3001 639 3064 Maroneam
660 3009 690 3062 et
709 3001 850 3070 Abdera;
869 3005 953 3060 trans
971 2997 1109 3077 Strymo·

128 3095 199 3140 nem
213 3091 314 3145 autem
327 3087 486 3162 vergentia
501 3087 541 3147 ad
552 3100 707 3162 occasum,
722 3085 896 3146 Bisalticam
909 3097 1030 3144 omnem
1043 3099 1111 3143 cum

126 3164 286 3242 Heraclea,
302 3185 394 3243 quam
409 3168 545 3232 Sinticen
562 3172 728 3247 appellant.
745 3168 912 3234 secundam
928 3167 995 3229 iore
1008 3166 1109 3242 regio·

127 3263 214 3324 nem,
230 3265 321 3326 quum
336 3252 375 3312 ab
391 3261 458 3315 ortu
473 3253 596 3334 Strymo
611 3255 846 3330 amplecteretur
861 3251 974 3324 amnis,
990 3256 1111 3327 praeter

127 3331 264 3395 Sinticen
285 3335 465 3398 Heracleam
486 3346 516 3398 et
534 3337 683 3409 Bisaltas;
718 3336 756 3397 ab
778 3351 907 3410 occasu,
934 3349 996 3410 qua
1010 3333 1109 3393 Axius

127 3419 303 3483 terminaret
318 3419 447 3494 fluvius,
474 3421 585 3483 additis
600 3420 788 3495 Paeonibus,
816 3417 868 3496 qui
882 3432 982 3494 prope
998 3416 1111 3476 Axium
