2570 3952
199 260 261 323 308
338 259 534 319 EPITOMAE
549 258 751 318 LIBRORUM
764 258 1030 317 LXIX—LXXIV.

199 427 213 456 a
231 415 296 454 bonis
316 413 402 452 civibus
421 409 589 458 defenderetur,
611 421 639 450 ne
654 419 721 450 eausa
736 408 880 448 certaminum
895 410 968 456 esset,
986 407 1010 446 in
1025 405 1128 448 exsilium
1144 416 1185 446 vo·

198 469 318 510 luntarium
332 464 433 506 Rhodum
452 463 566 516 proiectus
586 466 631 512 est,
653 463 729 514 ibique
743 461 838 513 legendo
855 464 879 502 et
892 460 1002 502 audiendo
1017 471 1108 512 magnos
1122 461 1186 502 viros
1271 457 1272 466 ¹

199 522 341 563 avocabatur.
363 518 464 572 proiecto
482 518 506 560 C.
523 517 618 566 Marius,
639 515 757 558 seditionis
777 520 865 565 auctor,
886 516 925 566 qui
939 517 1027 556 sextum
1041 513 1186 556 consulatum

199 587 239 644 per
257 576 329 639 trihus
348 583 427 636 sparsa
447 571 650 636 pecunia-emerat,
670 580 728 634 aqua
743 573 766 609 et
780 571 825 622 igni
839 569 963 611 interdixit.
984 568 1041 610 idem
1055 568 1187 620 Appuleius

199 632 332 670 Saturninus
351 627 454 667 tribunus
472 625 545 678 plebis
564 626 588 666 C.
604 625 729 665 Memmium
744 623 886 664 candidatum
901 623 1042 672 consulatus,
1063 632 1128 673 quem
1145 621 1187 662 ad·

199 683 321 724 versarium
334 681 458 722 actionibus
472 680 519 721 suis
534 679 634 726 timebat,
649 677 738 720 oceidit.
756 677 839 728 qulbus
853 679 921 720 rebus
933 677 1043 716 concitato
1056 680 1144 725 senatu,
1162 679 1187 717 in
1269 718 1273 734 ,

199 739 262 779 cuius
278 747 366 776 causam
381 736 404 775 et
419 734 443 775 c.
459 733 551 782 illarius,
567 731 631 772 homo
646 733 701 772 varii
716 731 739 771 et
753 731 866 773 mutabilis
882 731 965 782 ingenii
979 729 1111 781 consiliique
1124 740 1185 770 sem-

198 802 239 845 per
253 789 374 832 seeundum
389 788 505 836 iortunam,
521 788 644 834 transierat,
660 797 709 826 cum
723 796 772 826 eum
786 787 843 826 tueri
857 786 945 826 minime
957 787 1041 836 posset,
1058 793 1187 836 oppressus

198 846 266 886 armis
285 856 334 884 cum
349 842 442 884 Glaucia
461 843 564 893 praetore
585 843 607 881 et
626 840 678 881 aliis
693 839 793 880 eiusdem
809 839 890 881 luroris
905 838 965 879 helio
980 837 1076 889 quodam
1091 837 1186 877 interie-

198 906 247 940 ctns
262 901 305 940 est.
327 897 355 940 Q.
371 894 483 939 Caecilius
498 894 604 935 ltietellus
619 894 645 934 ab
662 892 743 934 exsilio
758 893 841 945 ingenti
857 895 927 934 totius
943 893 1041 933 civitatis
1056 891 1134 932 lavore
1151 901 1186 931 re·

198 953 278 994 ductus
291 954 334 992 est.
349 949 386 990 Μ’.
396 948 510 998 Aquillius
523 947 642 1000 proconsul
650 949 672 986 in
681 946 759 987 Sicilia
767 947 849 987 bellum
857 946 940 989 servile
950 948 1068 986 excitatum
1076 943 1185 987 coniecit.

250 1005 318 1046 LXX.
338 1006 392 1046 Cum
411 1001 448 1041 Μ’.
468 1002 580 1051 Aquillius
599 1001 627 1040 de
646 1001 745 1054 pecuniis
764 1001 895 1053 repetundis
917 1010 1006 1042 causam
1022 998 1117 1048 diceret,
1132 1001 1186 1050 ipse

198 1058 284 1100 iudices
298 1068 376 1108 rogare
390 1055 470 1095 noluit.
484 1055 515 1094 iii.
530 1055 652 1104 Antonius:
662 1055 700 1107 qui
714 1065 754 1106 pro
770 1066 796 1094 eo
810 1055 935 1107 perurebat,
951 1054 1048 1094 tunicam
1063 1063 1075 1092 a
1091 1059 1186 1102 pectore

198 1115 246 1154 eius
262 1111 365 1160 discidit,
385 1113 409 1150 ut
423 1107 530 1150 honestas
550 1109 666 1149 cicatrices
680 1107 817 1152 ostenderet.
839 1108 990 1148 indubitanter
1004 1105 1121 1148 absolutus
1137 1111 1184 1149 est.

198 1167 277 1206 cicero
297 1165 346 1206 eius
366 1164 397 1204 rei
415 1163 479 1204 sulus
493 1166 578 1203 auctor.
598 1163 623 1206 Τ.
637 1161 720 1204 Didius
734 1163 854 1214 proconsul
869 1161 978 1204 adversus
993 1162 1119 1204 Celtiberos
1134 1159 1185 1200 leli.

198 1221 254 1261 citer
274 1219 389 1270 pugnavit.
409 1216 551 1257 Ptolemaeus
573 1215 707 1267 Cyrenarum
726 1227 778 1265 rex,
798 1217 833 1257 cui
855 1218 1023 1268 cognomentum
1036 1214 1115 1266 Apioni
1131 1213 1183 1262 inii,

198 1275 298 1316 mortuus
312 1271 417 1313 heredem
432 1269 537 1322 populum
551 1269 672 1310 Romanum
686 1268 786 1321 reliquit,
800 1272 824 1310 et
838 1273 887 1312 eius
901 1271 962 1321 regni
974 1269 1077 1310 civitates
1090 1271 1186 1309 senatus

199 1329 281 1369 liberas
296 1339 347 1369 esse
360 1326 434 1366 iussit.
450 1324 611 1364 Ariobarzanes
625 1327 647 1363 in
662 1334 753 1375 regnum
768 1323 923 1376 Cappadociae
937 1335 951 1363 a
962 1323 988 1363 L.
1001 1322 1103 1365 Cornelio
1115 1321 1186 1362 Sulla

198 1382 304 1423 reductus
319 1381 362 1422 est.
385 1376 516 1418 Parthorum
531 1377 609 1429 legati,
631 1389 644 1417 a
658 1389 710 1430 rege
723 1381 805 1420 Arsace
819 1378 894 1427 missi,
914 1380 1023 1418 venerunt
1043 1375 1071 1415 ad
1086 1374 1185 1425 Sullam,

197 1439 223 1476 ut
237 1435 355 1475 amicitiam
371 1432 445 1484 popuii
462 1431 554 1472 Romani
570 1435 680 1483 peterent.
700 1433 725 1475 P.
742 1432 853 1482 Rutilius,
874 1433 908 1471 vir
922 1442 1021 1472 summae
1034 1430 1186 1478 innocentiae,

198 1491 302 1540 quoniam
316 1487 404 1538 legatus
419 1485 446 1528 0.
463 1486 529 1525 ltlueii
545 1485 685 1536 proconsulis
704 1497 717 1526 a
732 1485 899 1537 publicanorum
914 1485 1001 1527 iniuriis
1014 1487 1089 1526 Asiam
1105 1482 1184 1523 delen·

198 1541 268 1590 deret,
284 1541 370 1581 invisus
386 1539 483 1589 equestri
499 1537 578 1588 ordini,
593 1550 662 1589 penes
677 1549 743 1590 quem
757 1539 839 1580 iudicia
850 1548 920 1587 erant,
935 1538 1107 1590 repetundarum
1121 1535 1185 1577 dam·

198 1598 264 1636 natus
278 1595 300 1633 in
315 1593 420 1634 exsilium
434 1593 515 1632 missus
530 1595 572 1634 est.
589 1592 615 1632 C.
623 1591 715 1632 Sentius
726 1596 816 1646 praetor
830 1592 938 1635 adversus
951 1592 1048 1634 Thracas
1062 1589 1186 1630 infeliciter

197 1649 426 1748 iiitiiiaifiiti
440 1645 1034 1752 tii¹o¹iititi‚‘¹ti¹t‘¹iiiiritiiiiiitilii
1047 1644 1185 1741 {iiiiii}

198 1767 285 1798 eausam
308 1755 356 1795 eius
374 1753 404 1794 iii.
424 1752 489 1793 Livio
508 1752 582 1794 Druso
598 1752 787 1805 tribunoplebis,
808 1755 845 1806 qui
866 1758 891 1795 ut
910 1755 969 1796 sires
984 1755 1027 1794 sibi
1046 1755 1184 1804 acquireret,

197 1811 323 1872 perniciosa
337 1819 377 1860 spe
391 1805 515 1858 largitionis
529 1808 616 1860 plebem
632 1809 759 1851 concitavit.
780 1811 895 1860 praeterea
910 1811 983 1849 motus
998 1807 1075 1859 Syriae
1094 1817 1181 1858 regum-

199 1867 379 1958 ᾳυθῐῗξζῐξὶῃθῑΜ
394 1916 471 1956 Livius
485 1916 574 1957 Drusus
594 1917 696 1957 tribunus
716 1915 789 1968 plebis
807 1919 831 1958 ut
851 1917 970 1958 maioribus
990 1915 1074 1956 viribus
1088 1915 1183 1955 senatus

198 1982 287 2012 eausam
301 1972 428 2020 susceptam
442 1971 549 2018 tueretur,
564 1972 637 2012 socios
652 1972 675 2010 et
687 1969 777 2012 Italicos
791 1971 887 2024 populos
902 1982 942 2022 spe
957 1970 1054 2010 civitatis
1067 1968 1184 2010 Romanae

198 2023 344 2067 sollicitavits
369 2024 442 2073 iisque
460 2023 616 2065 adiuvantibus
640 2026 743 2076 pervim
764 2024 853 2077 legibus
872 2026 966 2076 agrariis
985 2022 1183 2073 frumentariisque

197 2080 260 2128 latis,
280 2075 418 2117 iudiciariam
433 2086 522 2129 quoque
537 2078 640 2130 pertulit,
658 2081 681 2116 ut
696 2088 767 2129 aequa
781 2082 844 2130 parte
858 2079 941 2118 iudicia
955 2078 1025 2130 penes
1040 2078 1142 2118 senatum
1160 2083 1184 2116 er

197 2134 323 2184 equestrem
339 2129 438 2170 ordinem
453 2134 536 2172 essent.
552 2141 601 2172 eum
615 2131 695 2172 deinde
710 2132 819 2186 promissa
832 2133 901 2174 sociis
915 2133 994 2173 civitas
1008 2129 1121 2183 praestari
1135 2140 1183 2169 non

197 2189 287 2240 posset,
303 2186 353 2224 irati
368 2184 439 2225 italici
454 2184 600 2226 deiectionem
614 2187 697 2238 agitare
712 2189 841 2238 coeperunt.
864 2197 940 2228 eorum
955 2186 1062 2226 coitiones
1077 2184 1181 2224 coniura-

197 2242 314 2291 tionesque
329 2242 351 2280 et
366 2240 479 2280 orationes
493 2242 514 2279 in
530 2240 631 2282 conciliis
645 2241 769 2293 principum
783 2240 914 2282 reseruntur.
930 2243 1020 2294 propter
1032 2250 1088 2290 quae
1101 2238 1183 2279 Livius

196 2295 284 2336 Drusus
304 2294 389 2334 invisus
408 2293 473 2334 etiam
493 2295 578 2336 senatui
594 2294 666 2336 iactus
680 2294 744 2334 velut
758 2295 850 2337 socialis
865 2295 917 2336 belii
933 2297 1021 2342 auctor,
1044 2294 1153 2332 incertum
1168 2303 1183 2332 a

197 2360 249 2401 quo,
266 2347 324 2387 domi
340 2347 427 2387 occisus
441 2349 485 2388 est.

249 2399 338 2443 mxxii.
358 2399 431 2440 ltallci
445 2400 521 2451 popuii
538 2399 665 2440 deiecerunt
679 2401 793 2452 Picentes,
809 2401 905 2452 Vestini,
918 2402 992 2454 lilarsi,
1008 2400 1104 2451 Peligni,
1120 2400 1182 2440 iiiar.

196 2455 279 2502 ruciul,
299 2452 422 2502 Samnites,
445 2453 534 2505 Lucani,
551 2455 613 2494 initio
628 2454 682 2494 belli
697 2466 710 2494 a
723 2456 854 2497 Picentibus
868 2459 937 2498 moto.
957 2457 985 2500 Q.
1001 2454 1112 2496 Servilius
1127 2465 1180 2505 pro

197 2507 274 2549 consul
294 2507 316 2546 in
335 2505 418 2559 oppido
432 2507 514 2548 Asculo
534 2519 588 2547 cum'
604 2508 706 2549 omnibus
725 2510 811 2551 civibus
824 2509 943 2559 Romanis,
964 2510 1001 2562 qui
1016 2511 1038 2549 in
1053 2517 1078 2548 eo
1093 2508 1182 2559 oppido

197 2564 267 2610 erant,
283 2561 371 2602 occisus
386 2563 427 2600 est.
442 2571 495 2611 saga
510 2561 606 2613 populus
620 2562 722 2613 sumpsit.
739 2562 789 2608 Ser.
809 2563 880 2605 Galba
895 2576 907 2604 a
922 2565 1017 2605 Lucanis
1032 2562 1181 2614 comprehen-

197 2627 237 2657 sus
251 2616 317 2656 unius
331 2615 426 2654 teminae
440 2624 520 2664 opera,
539 2615 567 2654 ad
583 2626 647 2666 quam
662 2616 831 2666 devertebatur,
852 2619 981 2670 captivitate
1002 2618 1119 2668 exemptus
1134 2620 1181 2658 cst.

197 2669 304 2711 Aesernia
323 2671 346 2708 et
360 2668 417 2709 Alba
436 2667 536 2708 coloniae
554 2670 581 2708 ab
600 2668 683 2711 italicis
698 2671 804 2712 obsessae
825 2675 885 2713 sunt.
909 2673 993 2712 auxilia
1008 2670 1088 2711 deinde
1102 2670 1181 2711 Latini

197 2723 291 2765 rreminis
312 2723 335 2761 et
354 2725 494 2763 externarum
513 2725 612 2774 gentium
630 2725 699 2766 missa
717 2724 799 2776 populo
813 2725 924 2776 Romano,
947 2730 969 2766 et
984 2725 1141 2777 expeditiones
1156 2725 1180 2764 in

197 2780 268 2818 vicem
282 2777 503 2829 expugnationesque
518 2777 603 2818 urbium
618 2777 750 2820 reieruutur.

250 2825 347 2874 LXXill.
362 2831 386 2872 L.
400 2831 470 2873 lulius
483 2831 566 2873 Caesar
580 2833 657 2873 consul
672 2831 729 2873 male
742 2833 850 2876 adversus
864 2833 974 2875 Samnites
989 2833 1104 2885 pugnavit.
1118 2829 1181 2870 Nola

196 2886 284 2926 colonia
299 2886 320 2926 in
334 2889 467 2937 potestatem
483 2885 607 2927 Samnitum
621 2888 682 2927 venit
696 2898 744 2927 cum
758 2887 783 2928 L.
797 2887 911 2928 Postumio
927 2890 1037 2940 praetore,
1052 2886 1090 2937 qui
1104 2885 1132 2924 ab
1148 2884 1180 2925 iis

196 2939 327 2980 interiectus
342 2943 384 2981 est.
400 2939 525 2991 complures
540 2940 619 2991 populi
630 2939 659 2979 ad
672 2939 748 2982 hostes
762 2941 898 2983 deiecerunt.
913 2953 961 2983 cum
975 2941 1001 2981 P.
1015 2939 1113 2980 Rutilius
1126 2949 1179 2978 con-

198 2993 233 3034 sui
249 3003 325 3043 parurn
342 3003 446 3045 prospere
460 2992 568 3036 adversus
582 2995 670 3035 lilarsos
685 2998 806 3046 pugnasset
821 2998 842 3036 et
858 2997 879 3034 in
894 2995 979 3048 proelio
995 2993 1128 3042 cecidisset,
1150 2993 1178 3033 c.

197 3047 282 3087 itiarius
300 3045 388 3096 legatus
408 3046 456 3086 eius
476 3047 567 3087 meliore
585 3051 666 3087 eventu
686 3059 735 3088 cum
750 3047 851 3091 hostibus
866 3049 975 3090 condixit.
995 3047 1045 3089 Ser.
1060 3046 1179 3098 Sulpicius

197 3099 303 3150 Pelignus
323 3099 407 3150 proelio
426 3098 491 3140 ludit.
511 3100 540 3144 Q.
555 3100 637 3152 Caepio
652 3101 739 3153 legatus
753 3102 831 3144 Rutilii
847 3115 894 3144 curn
910 3104 1016 3144 obsessus
1030 3110 1139 3154 prospere
1154 3100 1178 3140 lu

197 3152 273 3194 hostes
292 3153 403 3204 erupisset
418 3157 440 3192 et
454 3153 481 3192 oh
497 3165 546 3194 eum
566 3165 692 3196 successum
706 3159 825 3207 aequatum
839 3158 860 3197 ei
873 3168 922 3197 cum
937 3158 961 3199 C.
975 3155 1046 3196 Mario
1061 3158 1123 3196 esset
1137 3154 1179 3194 im-

197 3209 292 3258 perium,
314 3207 443 3248 temerarius
458 3207 531 3250 iactus
546 3209 568 3248 et
583 3209 745 3252 circumventus
759 3211 847 3253 insidiis
862 3212 911 3253 luso
926 3211 1025 3251 exercitu
1040 3208 1129 3250 cecidit.
1151 3210 1178 3250 L.

196 3261 264 3302 iulius
279 3259 361 3302 Caesar
376 3259 452 3302 consul
469 3260 563 3302 ieliciter
576 3261 684 3304 adversus
698 3263 810 3306 Samnites
824 3267 937 3318 pugnavit.
953 3264 981 3304 ob
997 3274 1045 3304 eam
1060 3262 1177 3305 victoriam

195 3327 249 3366 saga
267 3315 350 3356 Romae
369 3316 444 3366 posita
462 3318 520 3356 sunt.
541 3320 564 3356 et
582 3320 606 3356 ut
624 3317 685 3357 varia
703 3318 757 3358 beili
772 3318 860 3359 fortuna
874 3323 946 3368 esset,
966 3318 1073 3359 Aesernia
1088 3316 1177 3357 colonia

195 3381 244 3409 omn
258 3369 291 3410 iii.
306 3367 414 3410 Marcello
428 3369 450 3408 in
465 3371 599 3421 potestatem
611 3369 735 3412 Samnitum
750 3374 818 3414 venit.
833 3371 874 3415 sed
887 3373 1003 3414 C.ldarius
1017 3370 1103 3424 proelio
1116 3371 1176 3410 lilar-

196 3433 233 3463 sos
247 3421 312 3471 ludit,
326 3422 394 3464 llerio
407 3423 483 3464 Asinio
497 3428 599 3475 praetore
611 3424 785 3468 itlarrucinorum
800 3427 882 3470 occiso.
899 3426 923 3468 C.
938 3425 1049 3468 Caecilius
1065 3425 1086 3464 in
1100 3423 1176 3466 Gallia

195 3476 340 3528 Transalpina
354 3476 458 3518 Saiuvios
472 3478 608 3520 rebellantes
622 3479 682 3520 vicit.

248 3529 343 3571 cxxiv.
364 3531 405 3573 Cn.
420 3530 539 3584 Pompeius
554 3533 657 3575 Picentes
670 3533 757 3586 proelio
771 3533 829 3576 ludit
842 3538 865 3575 et
880 3532 982 3586 obsedit5
1000 3535 1092 3588 propter
1107 3543 1175 3585 quam
