2504 3982
188 205 254 268 ‘262
354 205 569 265 LlBERva.
591 202 674 262 cAP.
691 211 734 262 ιο.
746 211 788 262 ιι.
803 207 838 274 [a.
851 205 885 256 ιι.
897 223 922 258 e.
934 204 1000 272 ssa]

188 354 254 430 luit,
271 351 324 430 qui
338 352 367 412 in
383 354 540 427 plerisque
554 368 674 426 eorum,
697 366 777 426 quae
792 357 1031 411 commemorata
1043 367 1064 410 a
1076 350 1169 426 Popil

189 439 229 498 lio
245 442 357 507 essent,
374 436 495 510 culpam
509 451 569 496 non
585 451 682 511 penes
696 437 845 510 populum
865 436 922 494 sed
940 449 1041 509 penes
1057 450 1181 510 paucos

190 521 363 582 concitores
377 520 458 594 vulgi
474 535 544 580 esse
560 519 644 579 dixit.
673 533 739 592 eos,
753 520 891 578 venalem
904 517 1044 592 linguam
1060 517 1179 578 haben-

189 613 247 675 tes,
263 603 386 664 decreta
402 605 493 678 plena
507 604 610 678 regiae
624 602 846 663 adsentationis
860 601 991 675 iecisse,
1013 609 1048 662 et
1063 617 1123 661 eas
1140 604 1179 660 le-

188 687 328 762 gationes
355 687 491 758 misisse,
522 703 650 762 quarum
671 685 810 748 RhodIos
836 701 960 760 semper
981 701 1046 746 non
1074 687 1179 746 minus

190 773 321 847 puderet
346 787 438 847 quarn
465 770 641 846 paeniteret.
686 784 765 846 quae
790 770 906 842 omnia,
932 769 959 828 si
986 784 1068 830 sana
1087 785 1179 830 mens

188 856 306 932 populo
327 855 421 927 loret,
442 854 471 913 in
496 855 596 929 capita
618 853 779 914 noxiorum
800 869 936 913 versura.
974 867 1046 912 cum
1061 869 1178 928 magno

189 939 326 1000 adsensu
349 937 469 998 auditus
495 945 557 1012 est,
584 953 644 998 non
665 936 763 1012 magis
783 953 820 998 eo
843 937 927 1012 quod
948 937 1178 996 multitudinem

188 1037 271 1081 noxa
296 1021 433 1091 levabat,
461 1037 552 1095 quam
573 1021 656 1096 quod
677 1023 798 1096 culpam
819 1021 848 1079 in
869 1027 1012 1080 auctores
1028 1027 1176 1081 verterat

188 1104 292 1179 itaque
307 1103 546 1179 comprincipes
565 1119 671 1165 eorum
692 1104 837 1164 Romanis
855 1103 1102 1180 responderent,
1126 1121 1177 1163 ne·
1223 1111 1226 1208 1

190 1203 344 1264 quaquam
360 1194 418 1247 tarn
433 1195 518 1262 grata
534 1189 630 1249 oratio
643 1204 748 1248 eorum
764 1187 832 1262 luit,
876 1188 907 1247 ui
927 1203 1006 1264 quae
1019 1186 1176 1263 Popillius

190 1271 345 1333 obiecerat
359 1271 475 1330 diluere
488 1280 652 1347 utcumque
667 1271 767 1332 conati
782 1277 863 1345 suot,
879 1287 970 1347 qnam
983 1286 1106 1345 eorum,
1126 1272 1177 1346 qui

188 1355 324 1416 Decimio
340 1356 369 1415 in
385 1355 560 1416 auctoribus
575 1355 615 1415 ad
637 1355 790 1431 piaculum
810 1369 911 1416 noxae
928 1353 1103 1415 obiciendis
1120 1356 1174 1415 ad·
1226 1419 1227 1426 p

189 1438 274 1499 sensi
289 1448 369 1500 sunt.
405 1440 560 1500 decretum
575 1439 666 1514 igitur
679 1440 842 1514 extemplo,
863 1447 896 1499 ut
915 1439 964 1513 qui
981 1454 1037 1513 pro
1054 1438 1174 1498 Perseo
1228 1401 1229 1482 i

189 1523 340 1582 adversus
355 1522 510 1583 Romanos
526 1522 642 1583 dixisse
664 1521 738 1599 quid
760 1529 811 1582 aut
824 1522 935 1582 iecisse
950 1522 1173 1584 convinceren·
1229 1497 1230 1578 l

189 1612 247 1677 tur,
267 1605 375 1680 capitis
395 1605 678 1666 condemnarentur.
715 1612 917 1666 excesserunt
937 1604 1012 1665 urbe
1034 1605 1096 1666 sub
1119 1607 1171 1665 ad·
1230 1593 1231 1674 l

189 1695 280 1748 ventu
294 1689 501 1749 Romanorum
516 1689 649 1764 quidam,
664 1689 714 1749 alii
729 1697 857 1750 mortem
871 1689 930 1749 sibi
942 1689 1171 1750 consciverunt
1231 1691 1232 1764 l

189 1770 280 1847 legati
305 1788 365 1832 non
389 1773 467 1834 ultra
490 1789 582 1849 quam
604 1773 739 1849 quinque
759 1773 826 1833 dies
846 1771 947 1835 Rhodi
968 1773 1078 1833 morati
1098 1773 1171 1832 Ale
1232 1787 1233 1842 ι

188 1858 356 1918 xandream
377 1857 623 1931 proficiscuntur.
659 1871 716 1918 nec
731 1869 768 1916 eo
784 1857 910 1932 segnius
932 1855 1045 1916 iudicia
1061 1871 1100 1916 ex
1118 1857 1170 1916 de·
1232 1853 1233 1860 ’

189 1945 273 1999 creto
288 1955 393 2001 coram
407 1939 454 2000 his
471 1942 550 2002 lacto
567 1940 667 2001 Rhodi
683 1941 919 2010 exercebantur,
948 1955 1039 2014 quam
1061 1955 1168 2014 perse
1232 1987 1233 1990 ,

191 2021 354 2083 verentium
369 2024 400 2083 in
415 2023 614 2100 exsequenda
629 2039 663 2084 re
676 2023 802 2084 Decimii
818 2024 926 2085 lenitas
941 2023 984 2080 **.

271 2106 321 2166 Xl.
345 2107 417 2167 Cum
429 2108 505 2167 haec
515 2114 699 2183 gererentur,
712 2108 881 2168 Antiochus
895 2107 1006 2168 trustra
1013 2108 1169 2182 temptatis
1233 2155 1235 2184 ,

189 2190 348 2252 moenibus
370 2192 566 2252 Alexandrea
593 2191 802 2261 abscesserat;
832 2198 996 2266 ceteraque
1020 2192 1169 2268 Aegypto
1233 2209 1234 2216 ¹

188 2274 311 2349 potitus,
337 2274 443 2336 relicto
468 2274 600 2350 Memphi
622 2276 737 2336 maiore
755 2273 944 2348 Ptolemaeo,
970 2274 1019 2334 cui
1038 2288 1169 2348 regnum
1233 2265 1235 2302 l

189 2358 295 2431 quaeri
307 2358 372 2418 suis
386 2357 502 2418 viribus
514 2357 684 2431 simulabat
697 2365 731 2418 ut
741 2356 886 2417 victorem
898 2373 971 2418 mox
982 2357 1169 2432 adgredere
1233 2359 1234 2434 f

187 2452 249 2512 tur,
269 2441 299 2498 in
321 2439 442 2517 Syriam
464 2441 627 2500 exercitum
644 2442 778 2501 abduxit.
814 2457 871 2500 nec
890 2440 981 2501 huius
1001 2441 1168 2500 voluntatis

188 2523 253 2582 eius
266 2522 389 2595 ignarus
400 2522 599 2594 Ptolemaeus,
613 2525 684 2584 dum
697 2523 890 2586 conterritum
902 2523 1073 2584 obsidionis
1085 2531 1169 2583 metu

189 2606 337 2664 minorem
353 2605 474 2666 tratrem
489 2605 623 2680 haberet,
641 2623 735 2683 posse
751 2623 785 2668 se
800 2609 896 2683 recipi
907 2608 1120 2668 Alexandreae
1138 2617 1168 2668 et
1233 2623 1235 2640 ι

188 2704 296 2750 sorore
308 2689 469 2750 adiuvante
482 2698 512 2751 et
524 2707 582 2750 non
591 2691 833 2766 repugnantibus
845 2692 945 2751 fratris
953 2691 1058 2751 amicis
1070 2699 1167 2763 notua,

187 2773 316 2848 primunr
340 2775 379 2833 ad
400 2790 552 2846 sororem,
575 2775 685 2836 deinde
707 2775 747 2834 ad
769 2776 891 2835 fratrem
906 2774 1085 2849 amicosque
1100 2775 1168 2834 eius

188 2873 248 2917 non
271 2858 355 2933 prius
377 2859 490 2918 destitit
511 2859 641 2934 mittere,
664 2875 757 2934 quam
780 2874 886 2933 pacem
907 2873 975 2918 curn
996 2859 1033 2917 iis
1056 2859 1167 2918 confir·

187 2949 291 3000 maret.
327 2949 504 3015 suspectum
525 2942 707 3004 Antiochum
729 2941 873 3002 effecerat
891 2943 976 3017 quod
990 2948 1092 3001 cetera
1105 2941 1168 3002 Ae-

187 3029 283 3099 gypto
296 3022 353 3082 sibi
367 3023 476 3083 tradita
486 3024 598 3084 Pelusii
610 3026 741 3085 validum
753 3026 889 3086 relictum
898 3024 1167 3100 erutpraesidium.

188 3103 356 3180 apparebat
371 3106 503 3165 claustra
517 3108 649 3184 Aegypti
667 3110 777 3182 teneri,
798 3115 831 3168 ut
845 3125 913 3169 cum
929 3110 1034 3182 vellet,
1056 3124 1167 3168 rursus

187 3187 260 3250 inde
275 3190 439 3248 exercitum
454 3189 627 3260 induceret;
648 3191 728 3254 bello
750 3192 892 3253 intestino
910 3209 977 3252 curn
995 3193 1083 3250 tratre
1096 3207 1167 3250 eum

187 3273 299 3333 exitum
321 3273 402 3343 iore,
422 3281 454 3333 ut
476 3271 571 3334 victor
592 3274 694 3336 lessus
717 3275 879 3336 certamine
902 3290 1094 3352 nequaquam
1110 3289 1167 3348 par

187 3356 340 3418 Antiocho
362 3356 480 3417 iuturus
502 3364 593 3418 esset.
626 3359 703 3418 haec
726 3360 891 3432 prudenter
912 3360 1124 3420 animadversa
1146 3373 1166 3416 a

188 3440 302 3498 maiore
324 3457 391 3500 curn
413 3440 549 3501 adsensu
569 3440 667 3500 minor
687 3442 778 3499 irater
800 3443 913 3516 quique
936 3459 1004 3502 cum
1026 3457 1062 3500 eo
1080 3450 1167 3502 erant
