2574 3954
305 225 420 286 LIBER
433 217 543 286 liniti(
558 225 639 285 cnr.
656 235 719 288 ao.
743 233 779 300 [a.
792 231 823 286 c.
837 229 897 304 mo]
1028 227 1088 292 193

113 378 246 440 Hostilio
262 383 335 452 erat,
359 377 513 452 querellae
528 377 568 436 ad
587 385 724 438 senatum
741 379 860 439 delatae
877 387 947 440 sunt
961 386 991 440 et
1004 379 1095 456 legati

114 465 197 541 regis
220 462 375 522 Gallorum
396 460 531 521 Cincibili
557 467 715 521 venerunt.
748 462 840 522 irater
860 463 926 524 eius
948 463 1042 523 verba
1062 465 1092 523 in

115 555 226 609 senatu
240 546 320 618 lecit,
346 551 475 620 questus
490 545 670 620 Alpinorum
684 547 870 621 populorum
885 563 977 622 agros
993 549 1092 608 socio-

114 647 179 691 rum
197 645 321 690 suorum
344 627 562 703 depopulatum
585 629 615 689 C.
632 629 771 690 Cassium
785 644 857 690 esse
872 636 902 689 et
916 630 987 690 inde
1000 632 1093 693 multa

113 714 196 773 milia
216 712 371 774 hominum
393 711 424 772 in
446 713 621 773 servitutem
642 713 825 788 abripuisse.
851 712 908 773 sub
924 713 1004 772 idem
1019 723 1093 774 tem-

115 814 175 873 pus
195 797 362 857 Carnorum
383 796 593 870 Istrorumque
614 804 645 857 et
657 797 808 875 lapydum
823 797 914 871 legati
929 803 1089 858 veneruntz

113 882 213 942 duces
235 881 293 940 sibi
314 881 353 940 ab
375 880 502 940 consule
524 879 630 940 Cassio
651 880 781 955 primum
794 881 971 957 imperatos,
995 881 1093 956 quiin

114 962 328 1026 Macedoniam
340 963 462 1023 ducenti
474 965 640 1026 exercitum
651 964 707 1025 iter
716 969 935 1034 monstrarent3
952 972 1092 1038 pacatum

115 1049 154 1108 ab
176 1063 211 1108 se
232 1054 387 1122 tamquam
408 1047 447 1108 ad
468 1046 549 1114 aliud
570 1048 681 1108 bellum
703 1049 871 1122 gerendum
888 1048 1000 1110 abisse.
1022 1049 1093 1108 inde

115 1146 156 1193 ex
174 1132 276 1192 medio
302 1137 478 1206 regressum
499 1130 605 1192 itinere
632 1131 782 1192 hostiliter
808 1145 993 1207 peragrasse
1014 1126 1092 1192 fin'es

115 1231 202 1292 suun,
217 1215 329 1276 caedes
345 1215 461 1290 passim
474 1215 662 1291 rapinasque
677 1224 706 1277 et
719 1214 861 1276 incendia
875 1215 970 1284 lacta;
986 1231 1043 1276 nec
1058 1231 1093 1275 se

114 1300 206 1360 adid
227 1301 363 1360 locorum
385 1298 480 1370 scire,
506 1305 741 1374 propterquam
762 1313 886 1359 eausam
902 1299 1021 1358 consuli
1036 1315 1091 1373 pro
1166 1329 1172 1342 ·

113 1383 256 1445 hostibus
272 1382 392 1443 luerint.
414 1389 444 1442 et
458 1382 564 1456 regulo
581 1382 737 1442 Gallorum
752 1383 871 1442 absenti
887 1389 918 1442 et
930 1380 978 1441 his
994 1398 1091 1458 popu-

114 1468 152 1528 lis
168 1483 351 1543 responsum
369 1472 417 1526 est
430 1472 569 1526 senatum
584 1481 630 1539 ea,
647 1481 726 1540 quae
742 1466 822 1526 lacta
838 1472 1019 1540 querantur,
1041 1481 1091 1525 ne-

115 1567 177 1628 que
191 1551 290 1612 scisse
301 1551 411 1624 lutura,
427 1565 529 1625 neque
544 1547 571 1608 si
583 1549 643 1609 sint
654 1551 742 1622 lacta,
758 1548 898 1625 probare.
912 1548 968 1609 sed
979 1547 1093 1610 indicta

115 1651 211 1697 causa
228 1635 365 1695 damnari
376 1634 532 1694 absentem
544 1635 737 1694 consularem
747 1632 846 1694 virum
858 1632 1000 1694 iniurium
1011 1649 1092 1708 esse,

115 1718 227 1782 cumis
241 1719 286 1778 rei
301 1715 442 1793 publicae
458 1733 551 1778 eausa
565 1717 659 1779 absit:
681 1718 733 1779 ubi
748 1733 787 1779 ex
801 1717 983 1778 Macedonia
996 1718 1092 1777 redis-

115 1810 163 1864 set
175 1803 205 1864 0.
219 1801 353 1876 Cassius,
368 1808 439 1875 tum,
455 1802 481 1862 si
493 1817 596 1863 coram
609 1817 677 1862 eum
695 1817 825 1876 arguere
836 1802 956 1873 vellent,
972 1802 1094 1876 cognita

113 1903 149 1948 re
165 1894 303 1948 sonatum
318 1887 457 1947 daturum
474 1901 609 1961 operam,
628 1883 671 1947 uti
687 1886 825 1946 satisfiat.
841 1899 898 1944 nec
911 1885 1093 1959 responderi

114 1978 232 2032 tautum
252 1969 289 2030 iis
310 1969 467 2046 gentibus,
489 1970 546 2030 sed
566 1971 684 2045 legatos
699 1969 787 2043 mitti,
804 1968 885 2030 duos
900 1969 940 2028 ad
954 1971 1093 2044 regulum

115 2064 200 2117 trans
211 2055 317 2130 Alpes,
332 2061 394 2114 tres
407 2054 488 2114 circa
499 2069 555 2115 cos
567 2055 700 2130 populos
713 2054 835 2130 placuit,
853 2051 906 2128 qui
916 2052 1093 2125 indicarent,

117 2155 196 2217 quae
211 2145 331 2214 patrum
346 2138 496 2198 sententia
510 2145 603 2199 esset.
618 2153 744 2198 munera
759 2137 833 2197 mitti
843 2137 951 2210 legatis
964 2153 1003 2195 ex
1013 2136 1093 2196 binis

116 2225 240 2285 milibus
262 2224 341 2282 aeris
365 2229 559 2282 censuerunt.
583 2222 704 2283 duobus
725 2218 868 2280 tratribus
888 2218 1002 2292 regulis
1018 2218 1094 2278 haec

117 2308 299 2384 praecipua,
322 2313 450 2382 torques
472 2307 533 2366 duo
552 2321 591 2365 ex
614 2305 750 2381 quinque
771 2303 876 2379 pondo
898 2301 963 2362 auri
978 2301 1050 2361 iacti
1065 2310 1115 2362 et'

117 2409 193 2452 vasa
207 2396 351 2466 argentea
367 2390 504 2466 quinque
518 2405 557 2449 ex
572 2390 677 2465 viginti
692 2389 796 2466 pondo
813 2393 844 2446 et
856 2387 918 2447 duo
933 2385 1005 2460 equi
1019 2385 1094 2461 pha·

117 2477 204 2537 lerati
225 2491 294 2535 cum
314 2473 503 2550 agasonibus
525 2481 555 2535 et
575 2475 729 2550 equestria
751 2487 836 2532 arma
857 2486 894 2530 ac
916 2471 1038 2546 sagula,
1066 2479 1095 2529 ct

116 2559 279 2622 comitibus
299 2575 406 2620 eorum
420 2559 602 2620 vestimenta
616 2558 720 2622 liberis
736 2556 907 2630 servisque.
930 2553 1007 2614 haec
1023 2552 1090 2612 mis·

116 2661 168 2706 sa:
197 2643 248 2703 illa
267 2642 440 2719 petentibus
462 2642 546 2716 data,
568 2649 601 2703 ut
622 2644 771 2703 denorum
791 2655 940 2714 equorum
961 2638 998 2696 iis
1013 2653 1094 2698 com-

116 2727 264 2788 mercium
286 2734 370 2788 esset
391 2725 604 2800 educendique
628 2741 667 2786 ex
681 2726 766 2786 ltalia
781 2728 919 2798 potestas
934 2721 1028 2781 lieret.
1051 2722 1092 2780 le·

116 2810 181 2888 gali
195 2825 262 2871 cum
278 2809 372 2870 Gallis
388 2808 475 2870 missi
489 2816 574 2869 trans
589 2810 686 2884 Alpes
709 2808 739 2868 C.
755 2805 874 2867 Laelius
889 2804 929 2864 Μ.
945 2802 1104 2863 Aemilius·

116 2895 268 2970 Lepidus,
293 2895 334 2954 ad
359 2901 479 2954 ceteros
504 2893 639 2969 populos
666 2892 696 2952 C.
724 2887 856 2951 Sicinius
880 2887 912 2946 Ρ.
936 2886 1094 2948 Cornelius

120 2979 221 3040 blasio
236 2979 268 3040 Τ.
284 2977 454 3040 Memmius.

202 3062 255 3121 Vl.
281 3061 443 3123 Multarum
470 3061 559 3123 simul
582 3059 728 3120 Graeciae
753 3055 911 3131 Asiaeque
932 3054 1095 3116 civitatium

118 3145 210 3222 legati
224 3147 353 3207 Romam
369 3152 586 3207 convenerunt.
602 3141 690 3219 primi
701 3141 906 3203 Athenienses
918 3138 1095 3200 introducti:

118 3229 139 3292 ii
161 3247 196 3291 se
218 3229 302 3305 quod
323 3229 447 3290 navium
467 3227 628 3289 habuerint
641 3227 827 3299 militumque
842 3223 873 3283 P.
889 3222 1005 3283 Licinio
1022 3237 1094 3282 eon-

120 3314 179 3375 suli
199 3321 230 3374 et
251 3313 282 3373 C.
296 3312 437 3374 Lucretio
452 3311 585 3387 praetori
599 3310 722 3372 misisse
737 3313 962 3383 exposuerunt,
986 3304 1096 3378 quihus

119 3413 175 3459 eos
191 3413 252 3458 uon
266 3413 343 3458 usos
359 3395 499 3457 frumenti
514 3394 571 3456 sibi
582 3401 703 3455 centum
713 3391 796 3452 milia
806 3393 987 3465 imperasse,
1003 3387 1095 3461 quod,

121 3496 306 3557 quamquam
318 3480 451 3541 sterilem
464 3486 574 3539 terram
586 3485 679 3550 arent,
694 3477 845 3551 ipsosque
857 3474 946 3533 etiam
959 3475 1096 3542 agrestes

165 3581 190 3623 r.
206 3580 268 3623 mvt
283 3580 359 3622 snas
373 3565 413 3620 V.
486 3598 489 3605 ·
865 3564 896 3616 13
