2570 3952
216 213 221 225 ’
306 226 501 288 EPITOMAE
516 227 719 289 arenosum
732 227 888 311 cmlv.
1040 224 1103 288 303

119 378 183 418 tibus
196 376 333 428 aliquamdiu
348 377 463 429 patribus,
479 376 566 429 legibus
580 378 668 419 solutos
684 381 706 420 et
721 378 797 420 consul
814 381 901 422 creatus
916 381 958 423 est.
979 379 1017 420 M‘.
1033 379 1103 420 Mani·

120 431 165 472 lius
187 429 274 482 aliquot
289 431 356 472 urbes
371 431 540 482 circumpositas
554 430 683 483 Carthagini
699 434 842 486 expugnavit.
863 431 1067 485 Pseudophilippus
1081 431 1104 471 in

120 483 263 534 Macedonia,
284 493 349 524 caeso
365 493 414 524 curn
434 485 533 525 exercitu
552 483 578 526 P.
601 486 701 526 lucentio
716 490 828 539 praetore,
849 487 905 531 ati.
919 487 1015 528 Caecilio
1031 487 1105 526 victus

122 541 245 592 captusque
261 540 308 587 est,
324 541 347 578 et
360 540 450 590 recepta
465 537 604 579 Macedonia.
953 564 959 572 ·

175 591 215 634 Ll.
233 590 344 643 carthago
363 592 386 644 ip
408 592 500 632 circuitu
515 591 577 633 milia
596 593 676 646 viginti
691 595 733 635 trie
746 605 852 648 passuum
868 597 960 647 patens.
979 603 1058 644 magno
1073 592 1103 632 la·

121 647 174 687 bore
189 646 283 686 obsessa
302 648 325 686 et
338 655 379 698 per
397 647 473 698 partes
487 649 552 698 capta
567 649 613 696 est,
633 649 727 699 primurn
742 658 755 688 a
769 649 872 694 Mancino
887 647 974 699 legato,
996 645 1076 687 deinde
1090 657 1105 687 a

120 700 226 752 Scipione
241 699 341 748 consule,
356 698 392 740 cui
406 701 469 740 extra
483 701 567 740 sortem
581 701 656 742 Airica
670 703 786 752 provincia
800 702 851 742 data
867 703 922 742 erat.
938 697 1104 751 Carthaginien·

120 753 400 860 :itsitigit'tnlii
414 754 1105 860 {illsstiiit‘iiantitistisusitatissimis

121 859 269 901 Hasdrubalis
284 871 373 912 quoque
389 859 452 900 ducis
466 872 542 902 eorum
557 864 637 912 castra,
653 863 681 902 ad
695 862 818 916 Nepherim
833 819 939 917 gppidum
954 861 1003 901 loco
1018 859 1104 900 diiflcili

121 916 176 963 sita,
201 925 249 954 cum
269 915 369 955 exercitu
389 913 464 955 deleta
481 917 561 956 sunta
576 914 695 969 Scipione,
718 917 756 968 qui
771 915 860 957 tandem
878 917 954 956 urbem
969 926 996 955 ex
1014 915 1105 966 ugnavit

121 925 1105 1074 tii‘¹ist.'i⁰iili¹¹i.iiit¹¹¹..iiiiiiittiiiiifflsiiiiitilhiiiiniii

122 1073 253 1125 dedidisset,
268 1085 324 1115 uror
338 1051 397 1126 cius,
414 1086 471 1127 quae
485 1079 562 1130 paucis
577 1081 628 1118 ante
643 1077 722 1120 diebus
737 1054 765 1119 de
779 1081 858 1119 marito
873 1079 992 1130 impetrare
1007 1087 1050 1115 non
1065 1085 1104 1128 po.

123 1131 211 1178 tuerat,
234 1128 300 1169 utari
315 1130 422 1171 victorem
437 1127 614 1183 transiugerent,
636 1135 658 1172 ln
677 1133 773 1175 medium
788 1143 813 1172 se
826 1133 940 1185 flagrantis
955 1129 1017 1170 urbis
1031 1129 1105 1169 incen-

123 1183 183 1223 dium
203 1193 252 1223 cum
273 1183 358 1223 duobus
376 1183 455 1224 liberis
473 1195 503 1225 ex
520 1195 571 1225 arce
590 1188 755 1238 praecipitavit.
778 1185 854 1240 Scipio
869 1183 971 1236 exemplo
986 1185 1055 1235 patris
1070 1183 1106 1222 sui

124 1235 231 1277 naturalis
247 1237 334 1276 Aemilii
348 1236 425 1286 Pauli,
445 1237 483 1287 qui
498 1236 649 1280 Macedoniarn
664 1241 760 1290 vicerat,
775 1239 842 1280 ludos
856 1239 920 1288 iecit,
934 1236 1106 1288 transiugasque

122 1302 149 1330 ac
164 1289 271 1340 fugitivos
285 1290 363 1331 bestiis
377 1289 466 1334 obiecit.
480 1291 535 1332 belli
549 1291 639 1332 Achaici
654 1295 737 1334 semina
750 1293 876 1334 referuntur
886 1293 949 1340 haec,
965 1290 1025 1342 quoti
1038 1289 1107 1341 regati

123 1341 218 1388 Romani
231 1343 259 1382 ab
273 1341 370 1384 Achaeis
384 1343 468 1396 pulsati
483 1345 529 1384 sint
544 1344 657 1396 Corinthi,
673 1347 747 1395 missi,
768 1350 793 1386 ut
807 1355 845 1386 ees
860 1347 975 1393 civitates,
992 1354 1050 1394 quae
1064 1343 1104 1382 sula

125 1397 212 1438 dicione
225 1394 325 1449 Philippi
341 1396 435 1444 iuerant,
451 1397 478 1437 ab
492 1396 589 1438 Achaico
604 1399 698 1440 concilio
714 1400 865 1442 secernerent.

178 1450 224 1494 Lll.
241 1451 294 1493 Cum
310 1449 411 1500 Achaeis,
429 1453 466 1502 qui
481 1452 503 1492 in
518 1452 602 1493 auxilio
617 1451 713 1493 Boeotos
727 1454 750 1493 et
765 1451 925 1494 Chalcidenses
940 1451 1059 1500 habebant,
1075 1450 1105 1494 Q.

125 1504 235 1546 Caecilius
250 1503 356 1546 Metellus
370 1503 399 1544 ad
413 1503 571 1559 Thermopylas
585 1505 646 1547 bello
660 1505 773 1554 contiixitc
793 1505 875 1557 quibus
890 1507 957 1546 victis
972 1505 1017 1545 dun
1032 1515 1107 1546 eorum

125 1557 237 1602 Critolaus
252 1569 337 1600 veneno
351 1559 395 1599 sibl
409 1562 501 1600 mortem
515 1561 631 1600 conscivit.
647 1561 669 1600 ln
685 1561 748 1601 cuius
762 1559 835 1600 locum
846 1559 938 1609 Diaeus,
953 1558 1044 1600 Achaici
1060 1569 1106 1598 mo·

124 1617 161 1653 tus
174 1613 258 1666 primus
272 1614 361 1663 auctor,
376 1611 404 1652 ab
419 1611 513 1654 Achaeis
529 1613 574 1654 dux
590 1616 688 1664 creatus,
709 1612 738 1653 ad
752 1612 851 1654 isthmon
866 1625 878 1654 a
894 1614 919 1659 L.
935 1613 1040 1654 Mummio
1056 1622 1106 1652 con·

125 1666 173 1707 sule
188 1668 262 1708 victus
276 1669 322 1710 est.
345 1668 383 1718 qui
398 1667 457 1707 omni
471 1665 555 1708 Achaia
570 1667 591 1708 in
606 1667 741 1708 deditionem
756 1669 848 1720 accepta
863 1665 983 1710 corinthon
999 1677 1028 1708 cx
1042 1677 1105 1708 sena·

125 1723 162 1760 tus
176 1721 277 1761 consulto
293 1721 370 1770 diruit,
386 1721 438 1774 qnia
451 1721 482 1761 ibi
496 1721 564 1774 legati
579 1721 673 1763 Romani
688 1721 766 1762 violati
781 1727 853 1763 erant.
875 1721 963 1762 Thebae
978 1731 1068 1773 quoque
1084 1721 1107 1760 et

125 1773 224 1824 Chalcis,
245 1785 302 1827 quae
316 1775 400 1816 auxilio
414 1775 513 1825 inerant,
534 1775 627 1818 dirutae.
654 1777 704 1829 ipae
718 1776 743 1816 L.
759 1776 877 1817 Mummius
892 1775 1107 1815 abstinentissimum

125 1827 196 1868 virum
216 1830 274 1880 egita
298 1839 339 1868 nec
360 1829 478 1880 quicquam
500 1841 529 1870 ex
548 1829 576 1870 iis
595 1830 675 1882 opibus
696 1832 889 1880 ornamentisque,
912 1839 969 1880 quae
989 1827 1107 1880 praedives

126 1881 245 1923 Corinthos
259 1881 348 1933 habuit,
364 1884 385 1922 in
400 1881 488 1923 domum
502 1885 551 1924 eius
565 1886 674 1936 pervenit.
691 1883 719 1927 0.
736 1883 849 1925 Caecllius
863 1881 970 1923 Metellus
985 1881 1013 1922 de
1026 1879 1106 1921 Andri·

125 1945 164 1974 sco
178 1935 331 1986 triumphavit,
346 1935 372 1978 P.
389 1936 506 1979 Cornelius
521 1935 596 1990 Scipio
611 1937 729 1980 Africanos
745 1937 881 1978 Aemilianus
895 1935 924 1976 rie
934 1933 1069 1988 carthagine
1084 1935 1107 1974 et

127 1987 154 2029 de
169 1988 316 2030 Hasdrubale.
335 1987 449 2030 Viriathus
464 1991 486 2031 in
500 1990 608 2043 Hispania
621 1993 715 2045 primum
730 2001 759 2032 cx
771 1994 863 2045 pastore
877 1992 982 2040 venator,
998 1999 1026 2031 ex
1040 1998 1106 2029 vena-

125 2045 175 2084 tore
190 2042 258 2092 latro‚
277 2053 329 2082 mox
343 2042 396 2084 iusti
412 2054 501 2096 quoque
516 2046 627 2086 exercitus
642 2044 689 2086 dux
704 2045 787 2096 iactus,
807 2046 876 2085 totam
891 2043 1028 2086 Lusitaniam
1043 2053 1108 2083 occu-

126 2097 200 2150 pavit,
222 2097 247 2139 G.
263 2095 368 2138 Vetilium
383 2099 507 2148 praetorem
522 2097 571 2138 iuso
586 2099 634 2139 elus
649 2097 748 2139 exercitu
763 2099 836 2152 cepit;
856 2100 985 2149 postquem
1001 2098 1027 2139 C.
1041 2095 1107 2136 Plau·

125 2152 172 2191 tius
191 2151 281 2203 praetor
300 2148 371 2190 nihilo
391 2149 479 2192 ielicius
497 2162 544 2192 rena
558 2153 635 2203 gessit.
655 2154 786 2202 tantumque
800 2151 891 2192 terroris
905 2153 925 2190 is
938 2149 1011 2190 hostis
1024 2147 1108 2197 intuli-t,

126 2207 151 2245 ut
165 2203 273 2243 adversus
289 2215 338 2244 eum
354 2203 465 2246 consulari
480 2215 536 2257 opus
555 2208 615 2246 esset
629 2207 652 2246 et
672 2204 728 2245 duce
742 2206 765 2244 et
779 2206 887 2245 exercitu.
907 2205 1022 2256 praeterea
1035 2203 1109 2242 motus

126 2257 205 2310 Syriae
220 2260 243 2298 ct
256 2257 317 2298 bella
331 2258 388 2298 inter
402 2267 467 2308 roges
480 2262 543 2310 gesta
557 2258 690 2300 reseruntur.
705 2257 841 2306 Alexander,
857 2256 922 2297 homo
937 2257 1028 2308 ignotus
1043 2258 1065 2294 et
1076 2256 1108 2294 in-

127 2313 200 2353 certae
214 2311 299 2364 stirpis,
314 2313 394 2360 occiso,
410 2314 468 2352 sicut
482 2315 533 2352 ante
545 2311 627 2352 dictum
639 2314 680 2360 est,
696 2311 811 2352 Demetrio
822 2321 874 2362 rege
885 2311 907 2350 iu
919 2308 984 2361 Syria
993 2309 1107 2359 regnabat.

126 2367 185 2406 hunc
195 2364 323 2406 Demetrius
331 2364 439 2406 Demetrii
455 2365 521 2417 iilius,
537 2369 574 2418 qui
589 2379 601 2408 a
616 2369 680 2420 patre
695 2364 808 2418 quondam
822 2365 850 2404 ob
866 2365 964 2404 incertos
977 2361 1111 2402 bellicatus

126 2419 243 2472 ablegatus
259 2418 346 2461 Gnidon
362 2418 440 2468 iuerat,
456 2421 582 2473 contempta
596 2414 698 2460 s'ecordia
711 2420 836 2471 inertiaque
851 2415 1041 2468 cium-adiuvante
1055 2415 1108 2455 Pto-

127 2476 212 2516 lemceo
226 2475 321 2526 Aegypti
340 2483 405 2526 rege,
430 2474 493 2514 cuius
511 2473 578 2516 tiliam
597 2473 739 2526 Cleopatram
758 2475 780 2515 in
803 2472 965 2513 matrimonium
984 2471 1109 2522 acceparat,

126 2528 187 2569 bello
202 2529 321 2568 interemit.
340 2527 482 2569 Ptolemaeus
501 2529 523 2569 in
538 2531 605 2580 caput
618 2529 716 2580 graviter
731 2527 872 2576 vulneratus,
894 2526 954 2566 inter
967 2526 1108 2571 curatlmcun

127 2583 179 2624 dum
193 2591 245 2622 ossa
258 2581 337 2623 medici
353 2583 465 2624 terebrare
479 2581 628 2631 contendunt,
644 2582 782 2634 exspiravit5
796 2583 864 2632 atquo
879 2580 900 2619 in
915 2580 988 2621 locum
1004 2580 1052 2619 eius
1066 2577 1109 2616 ire

126 2642 161 2678 ter
174 2636 245 2676 minor
259 2635 408 2685 Ptolemaeus,
425 2637 463 2688 qui
478 2637 571 2689 Cyrenis
586 2637 699 2688 regnabat,
713 2637 830 2678 successit.
846 2633 974 2676 Demetrius
989 2633 1016 2672 ob
1032 2630 1108 2672 cruda·

128 2689 225 2738 litatem,
241 2699 307 2742 quam
321 2700 362 2743 per
375 2692 486 2731 tormenta
498 2693 521 2732 iu
535 2699 588 2730 suos
603 2691 733 2740 exercebat,
754 2701 767 2729 a
780 2688 878 2730 Diodoto
893 2687 1001 2740 quodam,
1022 2697 1066 2726 uno
1081 2695 1111 2725 ex

128 2744 243 2792 subiectis,
259 2744 298 2794 qui
312 2742 433 2784 Alexandri
447 2744 493 2784 tilio
508 2753 576 2796 puero
591 2743 708 2784 admodum
723 2754 814 2795 regnum
829 2741 953 2788 adserebat,
968 2739 1029 2780 bello
1043 2745 1108 2791 sirpe-

128 2799 191 2836 ratus
204 2795 335 2837 Seleuceam
350 2796 456 2848 coniugii.
471 2798 496 2839 L.
512 2799 629 2839 Mummius
645 2797 672 2838 de
687 2795 783 2838 Achaeis
797 2794 950 2848 triumphavit,
966 2795 1030 2846 signs
1044 2802 1112 2832 aerea

128 2859 294 2902 marmoreaque
309 2853 330 2891 et
344 2850 433 2892 tabutas
446 2851 517 2903 pictas
532 2853 554 2891 in
568 2850 679 2906 triumpho
695 2851 754 2892 tulit.
1014 2887 1015 2890 ,

181 2903 238 2946 Llll.
253 2906 295 2958 Ap.
309 2904 415 2947 claudius
426 2904 502 2946 consul
514 2904 625 2955 Salassos,
640 2907 729 2958 gentem
738 2905 847 2957 Alpinam,
863 2902 959 2943 domuit.
973 2899 1031 2941 alter
1040 2898 1110 2940 Pseu-

129 2957 273 3012 dophilippus
286 2959 308 3000 in
322 2958 452 2999 Macedonia
466 2969 479 2998 a
493 2959 518 3000 L.
530 2957 647 3000 Tremellio
662 2961 780 3011 quaestore
795 2968 844 2998 cum
858 2957 959 2998 exercitu
974 2963 1053 2996 caesus
1067 2954 1111 2994 est.

130 3013 158 3057 Q.
179 3011 411 3054 CaeciliusMetellus
431 3012 549 3066 proconsul
566 3013 691 3054 Celtiberos
710 3011 797 3053 cecidit.
818 3010 874 3056 ati.
890 3011 958 3052 Fabio
979 3006 1111 3062 proconsule

130 3076 181 3120 pars
195 3077 274 3119 magna
288 3067 415 3109 Lusitaniae
430 3069 564 3120 expugnatis
578 3066 665 3120 aliquot
678 3067 771 3107 urbibus
784 3069 876 3120 recepta
891 3067 933 3106 est
947 3062 1032 3104 Acilius
1046 3071 1110 3102 seua·

130 3124 167 3162 tor
182 3120 265 3161 Graece
278 3131 315 3162 res
327 3119 438 3163 Romanas
451 3121 537 3162 scribit.

183 3172 238 3215 Lli.
259 3173 287 3217 n.
301 3173 421 3228 Pompeius
437 3174 513 3216 consul
528 3176 549 3215 in
565 3173 672 3227 Hispania
687 3173 837 3214 Termestinos
851 3172 947 3224 subegit.
963 3181 1012 3211 cum
1026 3167 1114 3209 eisdem·

131 3230 154 3268 et
167 3226 308 3267 Numantinis
323 3239 399 3280 paoem
413 3239 426 3268 a
440 3228 524 3282 populo
540 3227 637 3270 Romano
652 3227 782 3269 intirmatem
797 3226 858 3267 iecit.
877 3225 974 3266 lustrum
988 3236 1000 3263 a
1014 3221 1109 3264 censori-

130 3282 173 3320 bus
187 3280 299 3320 conditum
314 3282 359 3323 est:
380 3292 447 3322 censa
461 3284 541 3324 civium
556 3283 629 3336 capita
643 3284 743 3323 trecenta
757 3280 833 3332 viginti
848 3281 898 3320 octo
913 3279 987 3327 milia,
1008 3272 1111 3332 quadrin-

146 3337 197 3376 enta
212 3333 358 3386 quadraginta
372 3335 424 3376 duo.
445 3347 494 3377 cum
508 3335 653 3377 Macedonum
668 3335 737 3388 legati
752 3336 898 3386 conquestum
913 3332 941 3373 de
955 3331 985 3371 D.
1000 3329 1061 3370 lunio
1077 3323 1107 3367 Sr-

130 3347 182 3430 fano
202 3390 305 3441 praetore
324 3390 451 3439 venissent,
475 3389 534 3442 quod
554 3391 651 3443 acceptis
669 3389 770 3444 pecuniis
790 3388 926 3440 provinciam
940 3383 1069 3439 spoliasset,
1090 3381 1114 3420 et

131 3444 223 3484 senatus
243 3441 271 3482 de
285 3442 382 3495 querelis
397 3453 473 3484 eorum
487 3443 557 3485 vellet
570 3453 716 3496 cognoscere,
737 3442 761 3482 Τ.
776 3441 874 3483 Manlius
893 3439 1030 3490 Torquatus,
1049 3435 1114 3487 pater

131 3494 217 3546 Silani,
233 3497 299 3550 petiit
313 3497 497 3551 impetravitque,
512 3499 538 3538 ut
550 3497 594 3538 sibi
608 3497 704 3548 cognitio
718 3495 872 3544 mandaretur,
887 3496 910 3534 et
925 3493 983 3534 domi
997 3499 1063 3531 causa
1077 3497 1113 3528 co·
