2598 3956
182 227 226 291 82
277 227 393 288 LIBER
407 225 466 286 XL.
495 226 578 286 cap.
592 234 691 288 asar.
718 233 753 298 [a.
766 232 801 282 u
815 233 910 290 carr.
926 249 949 282 a.
964 230 995 280 c.
1010 230 1071 296 ,rau

183 379 278 438 multa
293 377 419 438 castella
434 375 636 452 expugnavit,
652 376 752 436 donec
766 377 898 436 maxima
913 392 986 451 pars
1002 373 1166 436 Celtibero·

183 479 252 522 rum
271 462 301 521 in
320 460 506 522 deditionem
525 459 618 520 venit.
648 460 783 520 XXXIV.
805 459 882 521 haec
904 459 933 519 iu
955 458 1095 518 citeriore
1114 458 1166 518 Hi-

185 545 295 621 spania
310 559 348 605 co
364 560 445 604 anno
460 551 557 619 gesta.
580 545 610 604 in
624 544 768 605 ulteriore
784 543 815 602 P.
829 543 961 604 Manlius
980 551 1104 618 praetor
1118 557 1167 602 se-

188 629 289 688 cunda
303 628 421 702 aliquot
435 627 553 708 proelia
569 643 638 689 cum
652 627 806 688 Lusitanis
823 626 903 688 tecit.

267 712 411 788 Aquileia
432 711 553 773 colonia
566 712 673 772 Latina
692 712 803 772 eodem
822 727 903 771 anno
923 712 954 771 in
976 725 1050 784 agro
1067 707 1168 768 Gallo-

184 812 252 856 rum
273 803 321 857 est
335 795 475 856 deducta.
503 795 561 855 tria
575 796 657 856 milia
671 795 806 870 peditum
824 795 1039 870 quinquagena
1053 792 1168 868 iugera,

185 879 382 940 centuriones
396 887 533 953 centena,
549 887 678 940 centena
692 879 891 954 quadragena
904 878 1023 953 equites
1040 891 1169 952 accepe-

166 971 265 1025 runt.
294 961 440 1022 triumviri
462 963 657 1023 deduxerunt
669 962 700 1021 P.
717 961 873 1024 Cornelius
890 960 993 1037 Scipio
1009 959 1120 1020 Nasica
1136 957 1169 1018 C.

185 1046 349 1108 Flaminius
362 1046 395 1104 L.
406 1045 537 1106 Manlius
552 1046 711 1107 Acidinus.
735 1045 830 1106 aedes
846 1046 925 1105 duae
940 1060 976 1104 eo
989 1059 1071 1104 anno
1083 1043 1169 1103 dedi-

187 1137 274 1191 catae
294 1136 380 1203 sunt,
401 1145 463 1190 una
482 1130 615 1191 Veneris
633 1130 785 1190 Erucinae
805 1129 844 1189 ad
865 1137 985 1203 portam
1007 1127 1169 1188 (lollinams

187 1213 342 1274 dedicavit
359 1213 392 1273 L.
412 1213 540 1274 Porcius
560 1213 593 1273 L.
611 1213 643 1274 F.
659 1213 782 1274 Licinus
804 1213 958 1286 duumvir,
982 1217 1052 1272 vota
1073 1216 1171 1270 erata

188 1298 316 1358 consule
330 1296 363 1356 L.
377 1297 486 1359 Porcio
501 1297 659 1372 Ligustino
680 1297 771 1358 bello.
806 1297 900 1356 altera
920 1298 951 1356 in
967 1296 1033 1356 loro
1049 1293 1170 1354 olitorio

185 1379 320 1442 Pietatis.
349 1397 417 1442 earn
438 1382 547 1442 aedem
561 1381 714 1442 dedicavit
726 1381 775 1440 Μ’.
791 1379 908 1441 Acilius
925 1379 1047 1441 Glabrio
1063 1377 1170 1438 duum-

188 1465 250 1534 vir;
274 1470 467 1540 statuamque
489 1473 641 1540 auratam,
663 1481 743 1540 quae
764 1465 863 1541 prima
884 1464 1018 1525 omnium
1038 1459 1170 1523 initalia

188 1556 288 1608 statua
302 1556 409 1610 aurata
422 1556 478 1622 est,
494 1549 589 1622 patris
603 1547 775 1610 Glabrionis
787 1547 900 1624 posuit.
922 1547 949 1608 is
961 1555 1026 1607 crat
1037 1545 1090 1620 qui
1103 1545 1171 1620 ipse

189 1647 256 1692 eam
286 1632 395 1691 aedem
422 1637 563 1704 voverat,
594 1648 656 1707 quo
682 1631 733 1692 die
758 1649 827 1692 cum
854 1647 929 1707 rege
954 1629 1105 1690 Antiocho
1131 1629 1172 1686 ad

187 1715 412 1792 Thermopylas
426 1715 652 1790 depugnasset;
674 1715 891 1790 locaveratque
903 1716 982 1774 idern
995 1729 1034 1772 ex
1046 1719 1171 1773 senatus

129 1833 130 1836 =
189 1800 340 1862 consulto.

272 1882 332 1941 Per
352 1883 480 1944 eosdem
500 1883 582 1958 dics,
604 1883 717 1958 quibus
732 1883 791 1946 hae
807 1883 901 1943 aedes
917 1882 1075 1942 dedicatae
1091 1888 1171 1952 sunt,

162 2007 166 2016 -
190 1968 224 2026 L.
232 1964 380 2027 Aemilius
392 1965 505 2027 Paulus
516 1969 683 2042 proconsul
695 1966 902 2040 exLiguribus
914 1964 1056 2040 Ingaunis
1068 1963 1172 2024 trium·

189 2049 304 2126 phavit.
319 2049 484 2110 transtulit
505 2066 637 2112 coronas
655 2067 766 2112 aureas
782 2049 917 2124 quinque
932 2056 962 2108 et
973 2047 1093 2122 viginti,
1114 2061 1173 2105 nec

190 2140 351 2210 praeterea
366 2134 531 2210 quicquam
546 2137 612 2196 auri
622 2135 802 2210 argentique
813 2133 843 2192 in
856 2149 893 2192 eo
904 2129 1056 2211 triumpho
1068 2131 1173 2190 latum.

188 2217 304 2292 captivi
326 2217 412 2279 multi
426 2219 582 2294 principes
598 2219 741 2294 Ligurum
755 2225 825 2278 ante
841 2232 961 2277 currum
977 2215 1067 2274 ducti.
1091 2213 1173 2276 aeris

191 2307 334 2362 trecenos
355 2300 500 2362 militibus
516 2302 626 2363 divisit.
656 2308 807 2363 auxerunt
824 2301 890 2361 eius
905 2299 1049 2374 triumphi
1063 2299 1174 2357 lamam

189 2385 282 2460 legati
295 2385 441 2461 Ligurum
455 2401 564 2460 pacem
578 2394 758 2462 perpetuam
774 2392 913 2445 orantes:
940 2385 981 2445 ita
995 2385 1024 2443 in
1041 2382 1175 2442 animum

188 2467 352 2528 induxisse
366 2468 511 2544 Ligurum
532 2476 669 2545 gentem,
691 2471 774 2530 nulla
787 2484 932 2543 umquam
947 2483 1032 2528 arma
1045 2466 1104 2526 nisi
1118 2465 1173 2525 im·

191 2559 299 2627 perata
314 2569 333 2611 a
348 2552 462 2628 populo
477 2553 616 2614 Romano
638 2568 768 2614 sumere.
797 2567 982 2627 responsum
997 2568 1015 2610 a
1030 2551 1063 2625 Q.
1078 2547 1174 2610 Fabio

191 2642 334 2711 praetore
354 2643 402 2696 est
414 2636 577 2712 Liguribus
598 2636 686 2699 iussu
706 2643 831 2700 senatus
848 2637 1016 2698 orationem
1031 2651 1098 2694 eam
1113 2648 1175 2692 non

191 2735 303 2780 novam
315 2717 476 2796 Liguribus
488 2737 575 2782 esse=
597 2717 1174 2783 mensveroutnovaetorationicon·

193 2803 320 2866 veniens
336 2812 434 2878 esset,
449 2805 586 2882 ipsorum
601 2805 632 2866 id
648 2806 810 2881 plurimum
823 2806 947 2865 reterre.
975 2805 1015 2862 ad
1030 2801 1175 2862 consules

191 2888 284 2962 irent,
306 2894 436 2962 atquae
458 2889 496 2948 ab
517 2888 554 2950 iis
575 2891 723 2965 imperata
744 2895 849 2949 essent
863 2889 1007 2949 lacerent.
1038 2885 1111 2946 nulli
1126 2883 1177 2942 alii

193 2985 284 3042 quam
301 2970 479 3031 consulibus
494 2981 634 3034 senatum
649 2974 834 3035 credituriun
851 2988 922 3033 esse
937 2971 1057 3031 sincera
1068 2969 1129 3029 lide
1144 2966 1176 3026 in

140 3107 142 3110 ,
193 3067 271 3127 pace
287 3053 415 3128 Ligures
426 3070 511 3114 esse.
540 3072 601 3130 pax
617 3057 646 3116 in
662 3057 824 3132 Liguribus
840 3055 904 3117 luit.
932 3057 962 3115 in
979 3052 1105 3115 Corsica
1119 3067 1176 3126 pu-

193 3143 317 3210 gnatum
330 3153 399 3197 cum
412 3138 531 3199 Corsis:
547 3141 587 3200 ad
598 3141 660 3202 duo
672 3141 755 3202 milia
766 3156 872 3202 eorum
882 3138 922 3199 Μ.
934 3135 1073 3198 Pinarius
1086 3149 1175 3212 prae-

192 3227 241 3282 tor
254 3220 285 3279 in
301 3220 369 3281 acie
389 3221 510 3282 occidit.
540 3240 602 3298 qua
616 3225 703 3285 clade
718 3224 870 3298 compulsi
885 3222 1010 3284 obsides
1026 3221 1178 3281 dederunt

193 3313 224 3366 et
238 3320 328 3365 cerae
344 3312 463 3366 centum
477 3306 559 3367 milia
572 3308 686 3383 pondo.
709 3306 781 3368 inde
795 3308 825 3366 in
839 3306 1010 3368 SardIniam
1022 3303 1176 3365 exercitus

190 3390 319 3465 ductus,
341 3395 371 3450 et
392 3405 459 3451 cum
481 3389 657 3464 iliensibus,
678 3398 767 3467 gente
787 3409 827 3452 ne
847 3406 929 3452 nunc
950 3389 1072 3466 quidem
1094 3385 1177 3448 omni

191 3479 281 3549 parte
301 3481 425 3549 pacata,
453 3475 589 3535 secunda
613 3476 729 3552 proelia
751 3476 839 3540 lacta.
875 3470 1174 3548 Carthaginiensibus
