2598 3956
332 211 447 273 nlBER
461 212 549 273 xiil.
570 213 652 274 unp.
668 226 710 277 ιι.
722 223 766 278 ιι.
788 221 824 292 [a.
840 222 873 278 c.
889 225 952 291 rm]
1068 215 1132 284 139

146 378 290 441 pressum
307 363 370 425 lato
384 379 513 439 regnum
534 365 562 425 ei
582 364 761 441 reliquisse,
788 382 879 444 quem
896 366 1131 437 infestissimum

146 463 219 509 esse
244 447 395 510 sensisset
414 447 571 509 Romanis.
607 447 711 524 itaque
729 448 844 511 Persea
869 449 1084 514 hereditarium
1112 469 1132 514 a

145 530 380 608 patrerelictum
391 529 513 608 bellum,
528 536 559 592 et
569 531 658 593 simul
670 548 739 595 curn
750 533 879 610 imperio
890 535 1043 610 traditum,
1058 536 1130 596 iarn-

144 615 205 675 iam
230 615 361 690 primum
386 614 469 676 alere
488 630 525 676 oo
546 616 653 678 lovere
673 617 816 679 omnibus
837 617 984 680 consiliis.
1018 617 1132 682 llorere

145 705 307 775 praeterea
319 697 484 773 iuventute,
501 715 592 774 quarn
603 699 730 774 stirpem
742 700 834 776 longo
846 717 908 778 pax
919 701 1057 777 ediderit,
1074 703 1131 764 llo·

143 797 213 843 rere
225 781 337 858 opibus
347 781 444 857 regni,
460 781 572 845 llorere
584 783 675 847 etiam
686 790 794 845 aetate.
819 800 979 860 quaecum
991 786 1131 862 corporis

142 866 259 928 robore
279 881 316 926 ac
337 866 453 928 viribus
475 866 592 942 vigeat,
613 866 746 928 animum
763 883 836 929 esse
849 868 1050 932 inveteratum
1063 869 1130 932 din-

145 951 208 1012 tina
228 957 295 1011 arte
315 958 408 1026 atquo
421 965 481 1012 usu
496 950 577 1012 belli.
606 951 666 1012 iam
680 951 752 1013 inde
767 969 786 1012 a
801 967 897 1028 puero
914 951 1008 1029 patris
1025 962 1130 1016 contu·
1186 975 1194 998 ·

143 1032 253 1094 bernlo
267 1034 414 1096 Romanis
439 1050 564 1111 quoqne
583 1035 688 1109 bellis,
709 1045 771 1097 non
792 1035 928 1098 finitimis
945 1033 1062 1100 tantum
1077 1037 1130 1098 ad-

146 1125 274 1190 suetum,
293 1117 420 1180 missum
433 1134 452 1178 a
467 1126 554 1196 patre
565 1119 595 1180 in
607 1118 822 1194 expeditiones
834 1123 944 1182 multas
954 1121 1129 1198 variasque.

145 1203 204 1261 iam
220 1216 259 1261 ex
278 1217 339 1277 quo
355 1201 423 1277 ipse
438 1200 612 1279 accepisset
625 1218 768 1278 regnum,
790 1204 897 1279 multa,
919 1219 1000 1280 quae
1014 1221 1076 1266 non
1091 1204 1131 1278 vi,

144 1302 206 1346 non
229 1284 301 1347 dolo
315 1284 475 1364 Philippus
492 1285 593 1346 omnia
610 1295 758 1362 expertus
776 1287 928 1364 potuisset
941 1288 1055 1364 moliri,
1076 1289 1130 1349 ad·

144 1368 283 1430 mirando
308 1384 410 1430 rerum
431 1385 582 1431 successu
606 1369 753 1432 tenuisse.
785 1370 961 1432 accessisse
987 1372 1028 1432 ad
1048 1373 1130 1432 vires

145 1469 222 1528 eam,
238 1467 318 1529 quae
331 1453 425 1529 longo
442 1460 580 1528 tempore
594 1452 696 1514 multis
713 1453 895 1529 magnisque
909 1452 1026 1516 meritis
1041 1469 1130 1531 pare·

144 1544 236 1611 retur,
254 1537 473 1599 auctoritatem.
495 1537 559 1598 XII.
583 1552 653 1598 nam
667 1537 753 1613 apud
770 1535 917 1599 Graeciae
932 1539 1130 1616 atqueAsiae

144 1620 282 1682 civitates
302 1618 403 1682 vereri
423 1621 612 1682 maiestatem
624 1604 700 1683 eius
722 1637 840 1683 omnes.
874 1635 931 1682 nec
946 1637 1003 1698 pro
1019 1621 1130 1699 quibus
1151 1649 1160 1660 ,

143 1704 268 1779 meritis,
284 1721 341 1782 pro
356 1721 418 1781 qua
431 1705 637 1766 munificentia
651 1711 765 1766 tantum
779 1704 808 1765 ei
822 1705 978 1780 tribuatur,
994 1721 1130 1778 cernere,

144 1805 203 1850 nec
222 1787 327 1850 dicere
347 1805 404 1867 pro
426 1795 509 1852 certo
530 1804 642 1866 posse,
667 1797 768 1851 utrum
788 1789 930 1850 felicitate
949 1789 982 1850 id
996 1790 1130 1865 quadam

145 1873 213 1934 eius
235 1873 369 1949 accidat,
390 1889 445 1948 an,
467 1873 552 1950 quod
566 1871 635 1949 ipse
650 1879 793 1934 vereatur
807 1870 925 1949 dicere,
947 1872 1062 1934 invidia
1076 1873 1128 1934 ad-

144 1973 255 2018 versus
269 1957 426 2020 Romanos
441 1958 577 2019 savorem
589 1955 631 2018 illi
643 1955 794 2019 conciliet.
814 1955 891 2017 inter
902 1956 989 2033 ipsos
1003 1971 1130 2033 quoque

143 2055 234 2118 reges
249 2041 403 2118 ingentem
419 2039 597 2103 auctoritate
607 2039 729 2102 Seleuci
740 2040 834 2101 liliam
845 2039 974 2102 duxisse
985 2056 1056 2102 eum
1067 2056 1130 2102 non

144 2131 298 2202 petentem
314 2125 370 2186 sed
386 2125 511 2201 petitum
521 2126 611 2198 ultro,
627 2140 767 2186 sororem
782 2124 907 2186 dedisse
918 2121 1045 2186 Prusiae
1061 2139 1129 2200 pre-

145 2209 225 2272 canti
246 2207 403 2281 adoranti·
426 2208 596 2270 celebratas
613 2223 686 2270 esse
699 2214 848 2283 utrasque
861 2207 984 2282 nuptias
999 2208 1130 2282 gratula·

143 2291 227 2355 tione
242 2291 332 2356 donis
353 2290 616 2354 innumerabilium
630 2291 832 2368 legationum,
854 2296 885 2351 ct
898 2290 981 2352 velut
995 2288 1130 2366 auspici·

143 2376 203 2438 bus
224 2375 422 2439 nobilissimis
444 2373 569 2456 populis
584 2375 734 2437 deductas
747 2389 829 2436 esse.
855 2375 1042 2437 Boeotorum
1057 2388 1130 2450 gen·

145 2468 206 2521 tem
207 2460 533 2541 ,capmmmphilippu
546 2477 712 2536 numquam
722 2459 763 2520 ad
774 2457 970 2520 scrrbendum
981 2455 1132 2520 amicrtrae

144 2544 256 2606 loedus
283 2544 395 2606 adduci
420 2545 574 2622 potuisse
605 2543 704 2606 tribus
729 2557 810 2604 nunc
830 2541 907 2603 locis
930 2557 998 2603 curn
1017 2541 1131 2613 Perseo

144 2628 279 2691 ioedus
271 2629 400 2692 incisum
414 2627 521 2691 litteris
537 2643 618 2703 esse,
633 2644 695 2691 uno
709 2626 831 2702 Thebis,
847 2627 943 2688 altero
959 2627 999 2689 ad
1013 2626 1130 2700 Delum,

145 2713 363 2786 augustissimo
378 2718 410 2774 et
423 2711 622 2774 celeberrimo
637 2713 668 2772 in
683 2710 812 2786 templo,
833 2709 922 2771 tertio
937 2707 1075 2785 Delphis.
1097 2707 1129 2768 in

143 2794 282 2858 Achaico
304 2795 434 2858 concillo
455 2811 530 2864 vero
558 2795 617 2855 nisi
637 2792 783 2856 discussa
797 2809 849 2854 res
863 2807 921 2868 per
937 2807 1056 2868 paucos
1070 2795 1130 2854 Ro-

145 2894 269 2940 manum
289 2879 449 2956 imperium
469 2878 653 2940 intentantes
669 2883 767 2953 esset,
788 2891 826 2938 eo
840 2891 906 2936 rem
921 2890 1020 2952 prope
1034 2875 1125 2936 addu-

146 2971 234 3038 ctam,
251 2971 283 3026 ut
298 2962 398 3026 aditus
413 2971 443 3025 et
456 2963 486 3025 in
498 2962 645 3023 Achaiam
660 2961 792 3024 daretur.
809 2968 840 3023 at
853 2958 978 3022 hercule
989 2975 1064 3021 suos
1075 2958 1129 3021 bo-

145 3061 253 3122 nores,
275 3047 362 3109 ouius
384 3049 490 3110 merita
511 3047 542 3109 in
564 3062 632 3108 eam
653 3052 774 3122 gentem
794 3043 935 3122 privatim
956 3060 994 3105 an
1010 3042 1132 3120 publice

146 3129 207 3190 sint
220 3129 337 3192 maiora
354 3131 406 3192 vix
421 3131 481 3193 diei
495 3138 619 3208 posset,
634 3131 744 3207 partim
759 3129 900 3191 desertos
917 3143 972 3205 per
985 3127 1133 3190 incultum

145 3227 182 3274 co
197 3215 429 3291 neglegentiam,
448 3212 558 3290 partim
573 3213 723 3277 hostiliter
737 3214 875 3276 sublatos
891 3227 973 3274 esse.
996 3210 1057 3272 iam
1071 3211 1118 3272 Ae

144 3298 225 3359 tolos
242 3313 334 3374 quern
347 3296 490 3373 ignorare
504 3297 536 3359 in
550 3295 753 3360 seditionibus
769 3295 835 3358 suis
851 3312 912 3358 non
924 3296 962 3357 ab
973 3294 1131 3369 Romanis,

145 3381 202 3442 sed
217 3397 235 3442 a
249 3380 363 3444 Perseo
385 3381 572 3457 praesidium
593 3382 732 3459 petisset
757 3379 806 3442 his
827 3394 895 3442 erun
910 3378 1016 3440 lultnnr
1031 3376 1127 3438 socie·

144 3464 256 3527 tatibus
272 3471 364 3542 atque
379 3463 518 3526 amicitiis
534 3480 589 3526 eos
604 3465 792 3528 domesticos
808 3470 974 3540 apparatus
988 3459 1060 3521 belli
1077 3458 1130 3522 ha·
