2570 3952
428 180 456 232 Τ.
474 181 550 231 Ltvlt
567 181 774 232 FRAGMENTA.
1050 199 1101 241 vlt

26 333 48 406 ξ·
113 338 238 396 dicuutur,
257 349 307 385 non
322 334 450 386 imberbes.
468 337 504 384 sic
522 337 615 386 etenim
632 336 726 386 Varro:
749 337 854 386 imberbi
870 338 988 397 iuvenes,
1006 337 1052 387 sed
1071 348 1099 386 et

26 407 28 438 ³
112 405 201 455 Cicero
217 403 347 454 imberbum
362 404 425 456 dixit
445 419 493 453 uon
512 404 648 454 imberbem.
685 406 756 454 Titus
774 405 861 455 Livius
879 414 962 454 sutem
980 405 1097 456 imberbis

114 473 283 539 singulariter.
313 473 409 522 Auctor
425 474 534 522 incertus
554 474 585 522 de
603 471 704 537 Ortbop.
723 489 765 536 op
785 469 930 554 Pulsobssp.
950 471 1028 528 2789.
1044 474 1097 523 Im·

113 543 186 592 berbi
200 543 324 601 dicuntur,
341 555 391 590 uon
408 541 536 591 imberbes.
561 541 641 592 Varro
654 542 776 592 imberbi'
770 557 887 600 tuvenes;
907 543 941 592 itu
954 551 977 593 et
990 541 1093 600 Cicer03

87 647 90 654 τ
113 612 160 661 sed
178 621 263 660 contre
280 611 353 660 Titus
370 609 465 660 Livius.
498 611 577 660 Vetus
596 610 729 660 Grommot
749 612 819 672 opud
838 609 976 662 Bartbiztm
995 611 1092 683 Adver.

116 679 263 740 XXXVII,
282 677 325 730 11.

166 755 198 806 ιο)
218 747 347 812 Serpentis
366 763 466 829 qnoque
479 763 495 798 u
507 747 535 796 T.
550 747 623 796 Livio
635 749 735 797 ctuiose
749 749 842 812 puriter
853 762 883 797 uc
893 747 1001 798 iucunde
1013 747 1094 798 reluta

114 818 157 868 stat
180 817 282 866 mentio.
312 819 335 866 is
355 819 421 868 enim
439 818 474 866 eit
490 817 515 865 in
534 815 620 866 Africa
644 817 712 881 apud
730 817 872 881 Bagradam
895 816 989 866 ttumen
1010 824 1094 867 tentae

22 907 23 912 ¹
113 886 293 951 magnitudinis
312 901 420 950 anguem
437 885 530 943 inisse,
549 893 575 934 ut
591 885 662 934 Atilii
681 884 774 950 Reguli
791 886 927 936 exercitum
944 899 994 936 usu
1011 886 1095 935 amnis

113 955 269 1020 prohiberet:
294 953 430 1017 multisque
449 954 571 1004 militibus
591 955 687 1020 ingenti
705 969 748 1004 ore
766 954 899 1020 correptis,
921 953 1094 1019 compluribus

111 1025 209 1074 caudae
234 1022 402 1074 voluminibus
419 1023 502 1082 elisis,
528 1032 606 1085 quum
622 1023 729 1074 telorum
745 1025 812 1074 iustu
829 1023 952 1088 perforari
970 1023 1094 1086 nequiret,

112 1095 147 1144 ad
164 1093 280 1142 ultimum
297 1093 455 1142 ballistarum
472 1093 604 1142 tormentis
621 1092 734 1154 nudique
749 1093 863 1157 petitum,
880 1092 981 1142 silicum
997 1093 1095 1143 crebris

110 1172 137 1211 et
153 1162 302 1227 ponderosis
322 1161 466 1212 verberibus
482 1161 664 1225 procubuisse,
684 1163 851 1225 omnibusque
869 1169 894 1211 et
906 1161 1052 1211 cohortibus
1069 1170 1094 1210 et

113 1230 279 1296 legionibus
274 1245 330 1293 ipso
342 1228 492 1294 Carthagine
509 1230 591 1278 visam
607 1230 792 1281 terribiliorem.
823 1240 899 1292 utque
915 1231 990 1279 etium
1004 1244 1093 1279 cruore

16 1359 17 1370 2
113 1315 160 1348 suo
179 1301 266 1366 gurgit
256 1299 325 1349 tibus
342 1298 453 1357 imbutis,
473 1298 635 1362 corporisque
653 1299 759 1348 incentis
774 1299 894 1364 pestifero
910 1298 999 1348 ulllutu
1010 1298 1095 1347 vicino

113 1369 217 1434 regione
234 1365 341 1432 polluta,
359 1367 472 1416 Romans
488 1365 547 1414 inde
566 1369 733 1415 summovisse
750 1376 840 1416 cestro.
871 1367 931 1415 dicit
947 1367 1022 1415 ctiam
1040 1366 1095 1415 bel·
1153 1431 1156 1436 .

113 1438 278 1486 luuecorium
293 1435 493 1500 centumvigiuti
507 1435 625 1498 pedum'
620 1449 644 1482 m
661 1435 748 1484 urbem
761 1435 875 1484 missum.
908 1435 996 1484 Valer.
1013 1434 1092 1484 Maur

15 1503 16 1548 l
111 1507 141 1563 I,
153 1503 178 1556 8.
191 1514 243 1556 eut.
262 1503 303 1557 19.
333 1505 374 1568 Cf.
391 1503 543 1554 Freinsbem
561 1502 685 1565 Supplevit.
706 1519 762 1566 cop.
783 1505 823 1554 15.
843 1520 880 1568 sq.

486 1569 563 1622 *ue
580 1573 621 1621 lib.
642 1571 718 1621 XIX.

163 1648 195 1698 11)
217 1645 293 1694 Tertii
311 1642 364 1692 ludi
379 1641 550 1706 (saeculares)
562 1641 671 1701 fuerunt,
690 1642 791 1692 Autiute
803 1641 925 1704 Livioque
938 1643 1094 1701 auctoribus,

112 1712 138 1764 l‘.
157 1710 260 1762 Claudio
284 1710 391 1762 Pulchro
419 1709 446 1760 C.
466 1712 537 1760 lunio
559 1709 631 1759 Pullo
654 1709 808 1760 consulibus.
844 1711 1022 1762 Censorium
1043 1711 1095 1760 Die

112 1779 171 1829 Nur.
190 1796 246 1843 cop.
268 1778 310 1832 17.
330 1781 369 1842 Of.
388 1779 538 1829 Ireiusbem.
557 1777 682 1842 Supplem.
702 1795 759 1842 cup.
776 1777 818 1831 31.

163 1853 196 1907 11)
214 1849 258 1897 Est
275 1851 301 1898 in
319 1849 406 1908 Livio,
424 1849 507 1911 quod,
533 1863 610 1909 quum
628 1847 730 1911 quidam
750 1847 858 1911 cupidus
876 1847 937 1898 belli
955 1847 1059 1912 gerendi
1078 1862 1094 1896 u

111 1917 209 1966 tribuno
231 1917 311 1982 plebis
330 1924 470 1978 arceretur,
493 1933 524 1968 ne
542 1917 605 1976 iret,
628 1915 711 1981 pullos
727 1916 801 1965 iussit
820 1917 922 1969 adferri.
954 1917 997 1979 qui
1014 1931 1093 1978 quum

112 1986 202 2034 misens
220 2000 270 2034 uon
286 1987 388 2035 ederent
406 1984 507 2051 fruges,
526 1985 632 2034 irridens
651 1986 738 2034 consul
757 1987 893 2049 augurium
910 1985 957 2036 sit:
989 1986 1037 2035 Vei
1056 1985 1094 2035 bi·

110 2055 184 2109 bant,-
207 2062 231 2104 et
249 2070 293 2104 eos
311 2054 335 2103 in
353 2055 465 2104 Tiberim
488 2055 671 2118 praecipitavit.
704 2054 763 2103 iude
785 2055 892 2104 naribus
909 2056 989 2104 victor
1007 2069 1092 2104 rever-

111 2134 166 2171 tens
185 2123 219 2172 ud
234 2122 346 2172 Africam
366 2122 391 2170 in
410 2123 473 2171 muri
498 2137 553 2171 cnm
571 2121 701 2182 tonitribus,
725 2137 788 2183 quos
808 2123 930 2182 ducebat,
954 2123 1092 2172 exstinctus

110 2199 157 2240 est.
176 2190 247 2240 Seru.
262 2192 298 2249 od
310 2193 402 2254 Virgil.
413 2190 477 2239 Aen.
493 2190 541 2247 VI,
554 2187 611 2240 198.
633 2191 672 2252 Cf.
682 2190 834 2239 Freinsbem
845 2190 968 2254 supplem.
980 2206 1035 2252 cap.
1047 2189 1093 2242 21.

474 2255 552 2307 *Em
570 2259 612 2308 lib.
632 2257 733 2308 XLIX.

163 2332 195 2385 13)
214 2326 251 2376 De
264 2337 409 2389 quartorum
421 2327 538 2378 ludorum
552 2325 748 2391 (saecularium)
762 2342 828 2378 euno
840 2327 932 2392 triplex
944 2328 1030 2390 opinio
1042 2337 1091 2376 est.

112 2397 200 2444 Antias
220 2396 285 2445 enim
304 2405 328 2446 et
346 2398 426 2447 ero
444 2406 467 2446 et
482 2397 569 2446 Livius
587 2396 679 2445 relatos
698 2410 753 2444 esse
772 2395 936 2460 prodiderunt
954 2394 983 2444 L.
997 2395 1092 2444 Marcio

109 2463 246 2514 Censorino
263 2463 306 2517 M'.
321 2466 415 2515 blnnlio
433 2466 586 2523 consulibus,
606 2474 664 2528 post
684 2465 788 2514 Romam
806 2465 933 2515 conditum
950 2479 1015 2514 anno
1034 2479 1093 2514 sex-

109 2535 246 2584 centesimo
263 2535 358 2596 quinto.
387 2535 515 2585 Oemoriu.
535 2535 567 2583 de
586 2535 635 2584 Die
653 2533 713 2583 Not.
732 2549 791 2598 cap.
812 2532 852 2585 17.

498 2602 544 2652 Em
561 2603 603 2652 lib.
620 2602 697 2652 LVI.

162 2677 194 2724 11)
215 2671 264 2729 Qut
274 2671 421 2735 Pompeium
433 2673 549 2722 morbum
561 2685 697 2721 excusasse
710 2671 806 2735 ierunt,
823 2685 871 2729 ne,
890 2685 946 2719 cum
958 2671 1093 2718 interesset

109 2738 248 2798 deditioni,
266 2739 364 2789 unimus
383 2739 592 2789 Numantinorum
612 2739 727 2788 irritaret.
771 2740 895 2788 Priscian.
916 2737 958 2787 lib.
978 2736 1091 2786 XVIII.

107 2823 135 2868 p.
156 2803 231 2858 1198.
250 2808 290 2856 ed.
310 2807 411 2857 Poterit.
437 2809 493 2858 Vol.
511 2807 552 2856 II.
570 2822 596 2869 p.
615 2805 676 2858 240.
696 2808 736 2855 ed.
756 2805 845 2856 Krebl.

443 2874 522 2924 *Em
542 2875 585 2928 bb
606 2873 754 2923 LXXVII.

161 2954 194 3005 15)
212 2939 267 2994 Kal
279 2937 431 3008 παρελθών
440 2937 521 3001 εἰς’
490 2959 561 3024 την
555 2933 672 2992 estest
653 2956 760 2998 υπατος
775 2935 826 3021 μὲν
836 2933 1037 2990 ἀποδείκνυται
1029 2953 1091 3018 pe-

109 3029 143 3061 τα
133 3005 277 3063 Κοΐντου
290 3012 454 3080 Πομπηΐου,
472 3005 647 3095 πεντήκοντα
659 3005 705 3075 ἔτη
721 3003 850 3094 γεγονώς,
862 3024 946 3092 poure
935 3001 1035 3058 δὲ’
1001 3023 1091 3073 γαμον

109 3072 293 3163 ἐνδοξότατον
310 3051 461 3134 Kornoiiub
473 3075 526 3164 τὴν
543 3077 685 3132 Μετέλλου
702 3075 844 3146 θυγατέρα
860 3095 910 3130 του
926 3071 1090 3144 ἀρχιερέως

107 3138 206 3212 Ἐφ”
184 3166 205 3218 ῳ
224 3143 312 3200 πολλα
330 3146 380 3217 μὲν
399 3148 438 3210 εἰς
457 3143 543 3202 αυτὸν
561 3137 644 3233 ᾖδον
650 3143 680 3199 ol
693 3147 852 3214 δημοτικοί,
870 3143 968 3199 πολλοὶ
987 3141 1018 3198 δὲ
1035 3145 1092 3196 τῶν

109 3200 229 3303 monicus
247 3210 390 3286 ἐνεμέσων,
410 3237 459 3270 ουκ
476 3213 554 3302 ἄξιον
574 3211 723 3284 ἡγούμενοι
741 3217 791 3282 τῆς
809 3210 940 3282 γυναικὸς
958 3206 992 3268 ὃν
1010 3208 1091 3277 ἄξιον

109 3287 243 3344 rueretur
252 3279 418 3356 ἔκριναν
394 3305 433 3348 ως
443 3304 555 3354 φησινο
568 3289 659 3346 Τίτος,
680 3290 747 3338 Plot
758 3286 867 3353 Syllab
886 3288 926 3351 Os.
938 3286 1091 3337 Ibeimebem.

107 3357 196 3476 Soppssi).
213 3359 419 3490 ἕῖιιῇοἳουοιοΙ
383 3428 492 3490 primum
507 3428 539 3476 ad
552 3429 638 3476 urbem
652 3436 737 3476 contre
748 3424 853 3473 blesium
866 3431 948 3472 cestra
959 3425 1094 3482 movisset,
