2598 3956
217 189 274 253 94-
396 187 511 248 nrunrt
525 184 585 246 XL.
608 187 689 246 cap.
704 193 803 248 roan
827 191 1023 258 [atim-⁵⁷3]

216 345 247 406 in
263 331 459 420 proverbium
475 339 574 410 venit,
594 337 741 398 amicitias
761 336 961 410 immortaleS,
983 338 1127 398 mortales
1142 340 1193 402 iui-
1257 405 1258 410 χ

216 427 345 488 micitias
358 425 471 485 debere
482 427 584 484 esse.“
600 422 736 482 fremitus
749 427 833 481 ortus
846 435 915 480 cum
928 420 1073 494 adsensu,
1085 421 1194 486 deinde

216 511 430 574 universorum
445 521 540 567 voces
555 506 636 566 idem
647 504 813 579 petentium
825 504 973 564 contusae
983 503 1013 563 ia
1025 521 1118 566 unum
1129 522 1194 568 ora·

215 595 329 657 tionem
353 591 591 666 interpellarunt.
624 589 696 648 inde
716 588 864 649 Aemilius
889 593 1016 670 questus
1039 603 1108 648 cum
1128 592 1194 665 alia,

216 676 340 740 tumbis
355 692 374 735 a
386 675 427 736 M.
442 674 549 736 Fulvio
565 687 601 734 se
615 679 699 733 certo
716 673 877 734 consulatu
891 671 1056 732 deiectum:
1070 673 1194 736 Fulvius

217 768 324 823 contra
344 759 432 835 queri
452 774 487 818 se
507 756 546 818 ab
567 771 604 817 eo
629 771 753 832 semper
773 754 949 816 lacessitum
963 753 1035 816 etin
1050 758 1194 831 probrum

217 861 306 908 suum
318 843 516 919 sponsionem
529 841 649 901 iactam.
670 845 771 900 minen
783 838 873 899 ambo
885 839 1067 914 significare,
1084 841 1195 904 sialter

215 929 359 998 vallatae
370 927 401 986 in
414 931 565 1001 potestate
575 929 620 984 tot
631 924 802 1000 principum
814 921 944 983 civitatis
957 923 1086 986 futuros.
1101 925 1194 986 omni·

217 1015 275 1072 bus
289 1009 470 1071 instantibus
487 1009 539 1084 qui
554 1007 681 1068 aderant
694 1009 819 1068 dexbas
833 1007 988 1083 fidemque
1003 1007 1116 1068 dedere
1129 1008 1194 1070 mit·

216 1102 281 1155 tere
301 1110 373 1155 vere
393 1109 430 1154 ac
451 1093 540 1153 linire
553 1091 666 1152 odium.
694 1090 806 1152 deinde
821 1090 1063 1155 collaudantibus
1080 1092 1195 1154 cuncus

217 1176 340 1240 deducti
361 1184 433 1238 sunt
452 1176 483 1237 in
500 1174 689 1252 capitolium.
726 1182 756 1236 et
770 1190 844 1235 cura
861 1189 957 1250 super
970 1173 1023 1236 tali
1036 1191 1071 1236 rc
1085 1177 1195 1252 princi·

216 1279 290 1339 pum
305 1270 335 1324 et
349 1260 477 1321 facilitas
499 1275 662 1320 censorum
684 1258 807 1336 egregie
821 1259 1020 1334 comprobata
1034 1260 1073 1320 ab
1089 1268 1194 1328 senatu

216 1352 247 1407 et
270 1345 392 1407 laudata
413 1353 469 1406 est.
502 1344 681 1405 censoribus
703 1345 814 1404 deinde
834 1341 1075 1422 postulantibus,
1094 1352 1129 1406 ut
1143 1361 1194 1422 pe·

217 1429 326 1492 cuniae
341 1445 459 1490 summa
472 1427 547 1502 sibi,
569 1427 675 1504 quain
690 1443 786 1503 opera
800 1426 925 1501 publica
937 1434 1101 1504 uterentur,
1116 1429 1195 1490 attai-

217 1513 368 1585 bueretur,
388 1512 517 1588 vectigal
532 1527 666 1572 annuum
681 1512 836 1572 decretum
851 1519 907 1571 est.

299 1595 418 1656 XLVII.
439 1595 556 1656 Eodem
572 1610 651 1655 anno
666 1595 697 1654 in
712 1595 861 1670 Hispania
874 1596 907 1655 L.
922 1594 1096 1658 Postumius
1110 1604 1140 1658 et
1152 1597 1196 1658 Ti.
1239 1633 1242 1639 -

216 1679 417 1756 Sempronius
437 1684 656 1755 propraetores
678 1685 934 1755 comparaverunt
947 1679 989 1740 ita
1002 1680 1079 1759 inter
1092 1696 1142 1753 se,
1164 1686 1197 1742 ut

148 1829 150 1832 ,
216 1765 246 1824 in
261 1765 422 1825 Vaccaeos
443 1778 500 1838 per
511 1762 699 1824 Lusitaniam
718 1763 776 1824 iret
793 1759 940 1837 Albinus,
961 1765 991 1824 in
1008 1764 1197 1826 Celtiberiam
1272 1835 1273 1848 ἶ

215 1847 287 1908 inde
300 1855 519 1916 reverteretura
535 1846 702 1920 Gracchus,
718 1848 745 1908 si
759 1845 857 1907 maius
876 1846 916 1907 ibi
930 1848 1043 1930 bellum
1058 1855 1151 1924 essct,
1166 1847 1197 1912 in
1272 1849 1273 1854 ’

216 1932 320 1992 ultima
335 1930 512 1993 celtiberiae
529 1936 711 2006 penetraret.
743 1930 888 1991 Mundam
901 1931 1008 1992 urbem
1022 1933 1153 2008 primum
1166 1933 1197 1993 vi

219 2015 307 2089 cepit,
323 2020 414 2075 nocte
429 2030 468 2076 ex
482 2014 651 2090 improviso
667 2015 844 2090 adgressus.
869 2017 1005 2092 acceptis
1019 2016 1130 2078 deinde
1142 2017 1197 2076 ob·

217 2096 337 2159 sidibus
351 2099 572 2175 praesidioque
586 2097 731 2175 imposito
747 2099 873 2160 castella
888 2116 1082 2177 oppugnare,
1104 2116 1197 2178 agros

216 2196 320 2257 urere,
345 2183 445 2244 donec
466 2183 506 2243 ad
525 2183 734 2258 praevalidam
757 2183 845 2244 aliam
860 2184 967 2245 urbem
979 2217 1023 2228 --
1038 2185 1196 2247 ceramum

215 2267 370 2341 appellant
383 2265 522 2329 telnberi
533 2299 575 2311 —-
586 2266 735 2343 pervenit.
761 2267 814 2328 ubi
829 2283 897 2328 cum
910 2267 970 2328 iam
983 2285 1079 2344 opero
1092 2269 1197 2330 admo-

214 2354 313 2422 veret,
335 2347 461 2410 veniunt
479 2351 568 2424 legati
584 2367 623 2410 ex
638 2351 769 2428 oppido,
792 2367 921 2427 quorum
936 2368 1038 2413 semro
1054 2353 1198 2428 antiquae

215 2431 414 2506 simplicitatis
429 2433 497 2506 iuit,
520 2449 581 2494 uon
600 2434 854 2496 dissimulantium
868 2435 1049 2511 bellaturoS,
1071 2436 1098 2496 si
1113 2437 1197 2496 vires

214 2522 330 2576 essent.
358 2515 510 2592 petierunt
525 2518 619 2591 enim,
638 2525 672 2578 ut
686 2517 744 2579 sibi
759 2519 788 2579 in
805 2527 906 2581 castra
920 2518 1137 2582 celtiberorum
1152 2519 1198 2580 ire

215 2600 318 2660 liceret
338 2600 377 2660 ad
397 2597 509 2660 auxilia
530 2600 726 2676 accipiendas
754 2601 862 2664 sinon
884 2605 1199 2679 impetrassent,.tum

216 2683 380 2760 separatim
395 2684 475 2764 [eos]
492 2684 530 2744 ab
544 2684 603 2746 iliis
619 2687 874 2755 seconsulturos.
898 2688 1088 2763 permittente
1104 2687 1197 2749 Grac-

215 2767 274 2829 cho
288 2767 402 2843 ierunt,
418 2775 448 2830 et
463 2775 534 2844 post
547 2770 658 2844 paucis
674 2771 783 2832 dicbus
799 2771 876 2832 aiios
892 2773 998 2832 decern
1013 2773 1131 2847 legatos
1147 2787 1198 2832 se-

214 2867 283 2912 cum
308 2852 510 2914 adduxerunt.
542 2853 742 2916 meridianum
762 2855 884 2930 tempus
904 2861 978 2916 erat.
1014 2855 1088 2917 nihil
1110 2854 1198 2931 prius

113 2929 118 2938 “
213 2933 366 3008 petierunt
384 2952 404 2997 a
424 2942 567 3012 praetore
593 2955 684 3013 quam
707 2946 740 3000 nt
763 2938 869 3000 bibere
894 2938 953 3000 sibi
978 2939 1096 3001 iuberet
1119 2939 1197 3000 dari.

214 3017 315 3093 epotis
343 3017 450 3094 primis
474 3021 595 3096 poculis
615 3022 723 3084 iterum
744 3031 970 3099 poposcerunt,
997 3040 1109 3099 magno
1129 3021 1200 3084 risu

214 3100 471 3163 circumstantium
492 3105 523 3164 in
537 3111 599 3166 tam
612 3105 741 3167 rudibus
756 3113 787 3167 et
799 3107 892 3168 moris
908 3107 1009 3168 omnis
1023 3107 1135 3184 ignaris
1150 3106 1198 3167 in·
1221 3148 1224 3154 -

213 3183 321 3260 geniis.
344 3190 407 3246 tum
420 3186 571 3251 maximus
586 3197 660 3251 natu
674 3206 713 3251 ex
727 3189 765 3250 iis
781 3191 887 3264 „missi
902 3196 1030 3252 sumus“
1045 3192 1144 3269 inquit
1158 3207 1200 3266 „a

213 3274 304 3344 gente
315 3275 429 3346 nostra,
442 3271 496 3347 qui
506 3272 740 3348 sciscitaremur,
754 3291 816 3350 qua
825 3275 948 3336 mndem
958 3291 993 3336 rc
1004 3276 1099 3336 tratas
1110 3290 1201 3336 arma

213 3352 304 3414 nobis
319 3352 479 3416 inferres.“
500 3357 541 3418 ad
553 3356 632 3419 hanc
648 3359 926 3434 percunctationem
939 3357 1094 3422 Gracchus
1106 3373 1199 3419 exer·

212 3433 276 3498 citu
290 3453 326 3498 se
340 3437 465 3516 egregio
480 3441 623 3503 fidentem
638 3442 763 3504 venisse
781 3443 959 3521 respondit;
983 3457 1073 3520 quem
1092 3443 1119 3504 si
1133 3440 1200 3520 ipsi
