2598 3956
278 192 394 254 LtBEit
407 195 467 253 nt.
491 194 920 274 cnP.xa.ao.31.[a.0-.1en
1049 201 1091 266 79

108 351 205 413 libros
227 365 283 410 eos
298 347 358 425 legi
374 349 554 424 servarique
568 363 629 410 non
646 345 798 426 oportere.
831 359 958 414 sanatus
973 360 1094 417 censuit

107 436 184 498 satis
204 433 376 494 habendum
401 433 485 509 quod
505 439 630 507 praetor
650 434 859 498 iusiurandum
880 438 1091 513 p‘oiiioeretum

105 520 203 581 libros
218 519 318 594 primo
334 531 460 594 quoque
472 524 612 594 tempore
625 519 655 578 in
671 519 793 582 comitio
809 522 991 584 cremandos
1003 538 1092 596 esse,

106 604 241 680 pretium
255 617 313 678 pro
329 600 431 674 libris,
442 609 588 678 quantum
600 601 634 677 Q.
645 601 762 664 Petiliio
777 605 911 680 praetori
923 607 1093 684 maiorique

106 688 187 764 parti
208 686 399 748 tribunorum
422 685 521 761 piebis
541 685 711 762 videretur,
733 687 857 750 domiuo
878 703 950 750 osse
970 691 1093 753 solvon-

107 773 190 832 dum.
218 768 252 831 id
265 769 368 830 scriba
388 785 449 831 non
465 770 594 846 accepit.
623 769 737 831 libriin
753 771 874 834 comitio
890 772 960 848 igne
974 789 993 835 a
1007 775 1090 835 victi·

108 853 216 916 mariis
232 854 314 916 iaoto
329 855 359 913 in
375 861 546 930 conspectu
559 853 668 931 popuii
683 854 808 916 cremati
822 865 902 918 sunt.

192 937 283 998 XXX.
304 937 448 1013 Magnum
468 936 581 999 benum
603 955 641 998 ea
654 946 772 1001 aestate
786 948 925 1002 coortum
939 942 969 1000 in
983 941 1091 1017 Hispa-

106 1023 159 1084 nia
174 1021 323 1083 oitcriore.
345 1022 385 1082 ad
397 1021 533 1099 quinque
547 1030 578 1085 et
591 1023 713 1097 triginta
723 1021 806 1085 mitia
816 1024 982 1099 hominum,
997 1041 1092 1102 quan-

105 1116 172 1168 tum
189 1119 355 1181 numquam
376 1106 472 1166 terme
490 1112 595 1181 antea,
617 1099 1037 1184 celuberi·comparaverant
1059 1109 1090 1183 Q.

105 1188 235 1252 Fulvius
245 1189 376 1251 Flaccus
387 1205 456 1250 eam
467 1190 625 1252 obtinebat
635 1190 836 1266 provinciam.
852 1191 879 1253 is
891 1191 963 1268 quia
974 1207 1094 1254 armare

106 1275 296 1335 iuventutem
312 1273 481 1335 celtiberos
501 1273 655 1349 audierat,
677 1281 708 1335 ct
727 1275 797 1351 ipse
812 1284 926 1352 quanta
940 1281 1092 1352 poterata

106 1357 203 1420 sociis
215 1358 328 1420 auaritia
339 1365 542 1433 contraxerat,
554 1359 612 1418 sed
623 1373 819 1434 nequaquam
831 1375 958 1423 numero
969 1361 1107 1428 miiitum.

107 1443 230 1506 hostem
251 1441 412 1518 aequabat
440 1440 592 1518 principio
613 1439 697 1503 veris
717 1443 885 1505 exercitum
905 1445 936 1505 tn
952 1444 1089 1520 carpeta-

107 1528 189 1587 niam
211 1526 312 1600 duxit,
333 1533 366 1586 et
378 1533 480 1588 eastra
493 1524 605 1589 locavit
619 1526 659 1587 ad
674 1525 822 1603 oppidum
836 1527 1007 1604 Aeburam,
1029 1545 1093 1590 mo·

107 1611 178 1672 dico
202 1610 358 1685 praesidio
380 1611 411 1669 in
432 1611 509 1671 urbe
530 1611 642 1685 posito.
666 1610 774 1687 paucis
793 1619 867 1687 post
881 1611 990 1674 diebus
1006 1611 1093 1675 Celti·

106 1693 173 1756 beri
184 1695 268 1754 milia
278 1694 339 1756 duo
353 1695 449 1754 isrme
458 1693 531 1755 inde
540 1694 599 1756 sub
611 1695 689 1756 colio
702 1702 993 1770 posueruntoastra.
1013 1713 1093 1772 quos

107 1778 162 1841 ubi
183 1778 295 1838 adesse
316 1785 441 1855 praetor
454 1779 613 1839 Romanus
628 1781 740 1853 sensit,
761 1777 801 1839 Μ.
816 1779 955 1840 Fulvium
971 1781 1093 1841 bairam

108 1878 179 1923 oum
201 1861 321 1923 duabus
341 1861 448 1923 turmis
469 1862 627 1924 sociorum
640 1863 776 1938 equitum
792 1863 832 1924 ad
846 1871 947 1924 eastra
960 1863 1093 1924 hostium

108 1947 300 2022 speculatum
321 1945 418 2021 misit,
446 1962 537 2022 quam
563 1946 704 2022 proxime
729 1949 898 2008 succedere
919 1948 959 2008 ad
982 1949 1093 2008 vallum

107 2032 237 2103 iussum,
252 2037 286 2091 ut
298 2031 421 2104 viseret,
438 2039 553 2106 quanta
566 2040 686 2101 asserta
708 2039 812 2107 pugna
827 2030 1002 2106 abstineret
1017 2033 1093 2092 reoi-

107 2121 366 2190 peretqussesa,
388 2114 415 2174 si
429 2114 563 2176 hosium
585 2113 752 2190 equitatum
772 2121 934 2176 exeuntem
955 2115 1093 2176 vidisset.

107 2200 410 2274 itempraeceptum
432 2206 498 2260 erat
518 2199 598 2259 iecit.
630 2214 687 2273 per
707 2198 775 2258 dies
796 2198 913 2273 aliquot
926 2197 1000 2258 nihii
1014 2199 1094 2258 ultra

108 2288 232 2357 motum,
246 2298 338 2358 quam
351 2291 383 2344 ut
393 2281 454 2344 hae
464 2283 543 2343 duae
554 2290 674 2343 turmae
683 2281 925 2355 ostenderentur,
939 2280 1008 2341 dein
1021 2280 1093 2343 sub-

22 2369 23 2442 }
108 2365 302 2439 ducerentur,
316 2367 368 2427 ubi
382 2366 535 2442 equitatus
549 2366 683 2428 hostium
695 2363 805 2427 eastris
817 2364 1092 2442 procucurrissent.

108 2457 267 2525 postremo
288 2449 443 2524 celtiberi,
467 2450 608 2511 omnibus
630 2449 719 2511 simui
739 2449 875 2525 peditum
896 2448 1095 2524 equitumque

23 2609 24 2614 ἵ
108 2534 209 2609 copiis
235 2535 344 2594 castris
369 2533 503 2610 egressi,
531 2535 598 2595 acie
618 2534 735 2595 directa
754 2533 856 2595 madio
877 2534 973 2594 terme
992 2531 1093 2608 spatio

23 2625 24 2632 ’
109 2618 189 2678 inter
203 2616 276 2678 bina
291 2626 392 2678 eastra
407 2617 615 2679 constiterunt.
644 2633 772 2694 campus
788 2625 854 2678 erat
867 2617 978 2693 planus
995 2615 1093 2678 omnis

23 2739 24 2754 2
108 2709 140 2762 et
155 2710 245 2778 aptus
268 2716 398 2778 pugnae.
427 2701 468 2761 ibi
483 2708 595 2763 statere
609 2701 738 2779 Hispani
752 2701 852 2762 hostis
866 2707 1093 2776 exspectantes.

22 2831 24 2836 .
107 2787 267 2847 Romanus
278 2787 358 2847 intra
370 2787 482 2847 uallum
491 2801 569 2847 suos
580 2786 727 2848 continuit
738 2794 793 2861 pen
805 2781 1011 2860 quadriduum
1022 2799 1093 2846 con-

22 2887 24 2910 ι
106 2871 236 2941 tinumn,
253 2866 1032 2932 otiiiraodemtocoacienrinstructamtenuerunt.
1056 2869 1094 2928 ab

107 2952 258 3016 Romanis
278 2952 352 3013 nihii
372 2961 497 3015 motum.
525 2953 597 3014 indu
616 2955 761 3030 quievere
775 2951 929 3014 incastris
945 2949 1095 3027 celtiberi,

108 3038 192 3114 quia-
204 3051 327 3114 pugnae
348 3039 439 3114 copia
459 3053 521 3098 non
540 3037 650 3098 *nabau
672 3037 791 3114 equites
811 3045 927 3099 tantum
945 3038 975 3098 iu
990 3035 1094 3099 statio-

107 3137 180 3183 nem
195 3121 439 3198 egrediebantur,
455 3131 489 3185 ut
502 3121 600 3198 parati
615 3131 728 3197 essent,
745 3122 771 3184 si
786 3122 861 3198 quid
876 3123 914 3183 ab
929 3121 1020 3185 hoste
1031 3138 1094 3182 mo-

108 3212 242 3268 veretur.
263 3218 346 3282 pono
361 3205 597 3284 castnautr'ique
611 3206 789 3282 pabulatum
800 3212 831 3266 et
845 3207 989 3282 lignatum
1001 3205 1093 3278 ibant,

107 3291 208 3352 neutri
230 3291 345 3350 alteros
365 3290 575 3367 impedientes.
604 3289 710 3352 XXXI.
732 3296 856 3367 praetor
868 3291 1027 3352 Romanus
1042 3288 1094 3348 ubi

108 3373 246 3436 satistot
260 3374 376 3435 diemuu
392 3374 493 3450 quiete
507 3375 638 3437 credidit
652 3388 741 3450 spem
756 3376 867 3437 iactam
879 3373 962 3435 nosti
973 3370 1047 3432 nihii
1059 3386 1095 3430 se

23 3469 24 3538 g
107 3459 244 3534 priorem
260 3466 427 3531 moturum,
442 3459 475 3517 L.
492 3459 623 3520 Acilium
640 3475 709 3520 oum
723 3461 772 3522 aia
787 3462 909 3521 sinistra
923 3467 955 3521 et
968 3473 1024 3520 sex
1038 3457 1092 3517 mi·
