2598 3956
193 177 255 242 tae
355 176 571 238 cmuamn.
594 177 676 240 cnr.
690 181 789 240 atae.
812 181 1010 254 [aneson

192 349 277 402 sume
295 330 369 394 aTi.
384 329 522 396 Graecina
536 335 662 405 restes
677 328 707 394 in
722 326 910 404 prouinciam
921 327 951 388 ii.
974 336 1082 405 quater
1093 329 1171 398 intra

191 431 310 491 paucos
324 429 422 478 annos
438 414 568 489 prinum
583 413 676 489 pilum
691 411 781 486 duxi,
803 418 912 490 quater
925 419 957 477 et
969 411 1093 480 triciens
1110 415 1168 478 vir-

190 500 263 562 tutis
285 515 380 561 eausa
400 499 532 562 donatus
551 497 590 558 ab
612 495 846 572 imperatoribus
867 511 950 570 sum,
977 511 1034 560 sex
1055 495 1169 565 unicas

191 599 325 646 coronas
345 583 461 658 aecem.
489 581 594 658 viginti
614 582 679 646 due
697 580 850 656 stipendia
870 594 972 646 annua
986 580 1015 644 iu
1032 583 1170 646 exercitu

191 665 442 739 emeritensem,
462 673 493 729 et
507 665 603 733 nator
618 665 707 730 annis
722 681 790 732 sum
806 663 1034 740 quinmraainta.
1057 666 1169 744 quodsi
1290 665 1291 672 ’

190 750 263 812 milti
284 766 345 816 nea
362 750 518 827 stipendia
538 748 640 814 wala
659 745 787 814 emmila
805 755 913 813 esseut
930 748 1061 816 necdum
1083 756 1169 812 aetas

189 835 380 896 vacationem
401 834 503 907 daret,
523 840 639 906 tamem
663 849 731 898 euru
751 838 896 914 quattuor
916 831 1026 894 milites
1046 849 1105 908 pro
1119 849 1169 896 me

190 933 251 978 une
263 918 352 979 vohis
364 917 446 987 dare,
462 917 493 976 P.
504 917 608 990 Lioini,
624 931 759 992 possam,
772 931 903 992 aequum
916 923 980 976 erat
991 930 1040 980 me
1051 916 1166 982 dimitti.

190 1001 247 1066 setl
268 1001 345 1062 haee
368 1017 423 1078 pro
437 1015 533 1064 eausa
545 1016 615 1064 mea
629 1001 710 1066 clieta
724 997 882 1076 accipiatis
898 999 1004 1064 velim:
1024 999 1093 1074 ipse
1108 1016 1166 1076 me,

191 1086 293 1162 quoad
309 1085 490 1160 quisquam,
509 1083 562 1160 qui
575 1085 729 1150 emeatus
746 1083 865 1158 scribit,
886 1082 1035 1148 idoneum
1043 1083 1167 1148 militen

188 1166 348 1241 iudicabit,
374 1183 541 1244 numquam
566 1184 635 1234 snm
659 1173 872 1232 excusaturus.
905 1165 1094 1244 ordineque
1117 1184 1168 1230 me

190 1251 317 1328 dignum
336 1251 473 1314 iudicent
484 1250 595 1316 uiuunt
611 1252 752 1324 metum,
773 1250 913 1326 ipsorum
926 1257 974 1315 est
990 1251 1149 1326 potestatis

188 1351 228 1397 na
243 1336 312 1412 quis
327 1351 378 1396 me
390 1338 500 1400 uirtute
514 1337 544 1397 in
559 1335 696 1400 exercito
710 1340 853 1411 praestet
874 1333 956 1398 dnhc
972 1349 1114 1412 operam,
1137 1343 1166 1398 et

189 1435 311 1494 semper
331 1421 373 1481 ita
389 1418 502 1482 iecisse
521 1435 571 1484 me
590 1426 621 1482 et
634 1420 836 1496 imperatores
851 1419 911 1484 mei
926 1424 958 1482 el
968 1417 1021 1500 aui
1034 1435 1096 1479 una
1113 1419 1166 1482 sti·

188 1502 301 1578 pendia
325 1503 463 1564 lecerunt
487 1509 582 1567 testes
608 1510 688 1568 suut.
721 1519 781 1564 vos
801 1517 929 1580 eumue
953 1517 1085 1580 aequum
1107 1510 1164 1576 est,

189 1585 419 1660 commilitones,
436 1587 493 1647 etsi
508 1586 723 1661 appellationis
737 1585 828 1652 uobis
841 1584 999 1662 temnetis
1011 1587 1072 1661 ias,
1095 1603 1165 1652 eum

188 1669 402 1730 adolescentes
433 1669 506 1734 nteit
536 1670 689 1736 aduersus
720 1669 950 1746 magistratuum
974 1677 1165 1748 sanosque

177 1753 397 1833 ⁴auotnniaatem
418 1769 547 1829 usuum
561 1755 710 1826 feceritis,
727 1771 813 1820 *nuuc
823 1770 952 1831 quaque
967 1754 996 1816 iu
1012 1762 1165 1830 potestate

187 1843 315 1912 semmua¹
329 1853 367 1898 ac
381 1838 542 1904 consulum
558 1853 639 1912 asse,
654 1845 684 1900 et
698 1839 799 1901 emnia
813 1839 944 1904 honesta
957 1837 1027 1900 laea
1039 1838 1165 1913 ducere

76 1946 79 1955 ·
187 1919 300 1994 quibas
314 1935 378 1980 rem
393 1921 546 1996 publicam.
559 1921 717 1984 defensuri
731 1921 830 1986 uns-“
870 1922 989 1988 XXXV.
1013 1921 1091 1988 llaec
1111 1923 1164 1987 ubi

171 2002 271 2096 §dixit
296 2005 502 2067 collaudatum
525 2001 626 2069 multis
649 2005 751 2072 uerbis
778 2009 887 2069 consul
908 2023 948 2070 ex
969 2007 1112 2072 contione
1131 2005 1164 2068 in

186 2095 324 2148 senatum
339 2089 433 2150 duxit
462 2089 503 2150 ibi
524 2105 648 2165 quoquae
663 2089 691 2150 el
706 2105 746 2154 ex
761 2091 940 2156 auctoritate
953 2097 1080 2155 senatus
1093 2106 1164 2168 gna-

185 2171 245 2233 tiae
260 2179 360 2246 setae,
388 2172 564 2250 tribunique
574 2173 718 2237 militares
738 2173 769 2238 iu
784 2173 906 2249 legione
921 2173 1019 2250 prima
1033 2175 1163 2252 primum

185 2255 280 2329 pilum
293 2257 412 2318 uirtutis
427 2273 522 2318 carna
536 2258 564 2318 ei
580 2257 787 2333 adsignarunt.
802 2259 896 2322 aeteri
907 2257 1103 2324 centuriones
1115 2275 1161 2322 ra-

105 2369 106 2374 *
184 2339 279 2398 missa
293 2341 498 2415 appellatione
511 2341 552 2402 ed
572 2341 713 2406 dilectum
734 2339 912 2408 obedienter
925 2342 1161 2420 responderunt

269 2421 336 2494 Quo
355 2423 503 2484 maturius
524 2423 554 2484 in
575 2425 752 2499 provincias
771 2425 964 2501 magistratus
985 2425 1162 2500 proticisce-

184 2511 297 2580 reutur‚
310 2505 436 2568 Latinae
449 2507 516 2568 Kal.
532 2507 624 2570 Iuniis
637 2509 737 2579 luere3
760 2525 861 2584 eoque
872 2509 1012 2574 sollemni
1024 2509 1161 2586 perlecto

184 2587 214 2649 c.
224 2588 381 2652 Lucretius
394 2599 517 2666 praeter
528 2591 678 2667 omnibus
691 2609 771 2669 quae
782 2594 822 2655 ad
834 2593 965 2656 classem
974 2609 1054 2670 opus
1066 2601 1162 2668 erunt,

184 2673 363 2747 praemissis
376 2675 572 2738 Brundisium
587 2684 635 2738 ast
650 2679 817 2752 protectus.
838 2682 960 2752 praeter
974 2693 1029 2740 eos
1045 2675 1160 2738 exeroie

184 2763 241 2832 tus
259 2772 338 2832 quos
353 2761 498 2823 eonsules
510 2762 737 2837 comparabant,
753 2761 784 2824 C.
797 2760 934 2838 Sulpicio
947 2761 1061 2824 Galbae
1071 2776 1160 2837 prae

183 2841 241 2900 tori
257 2843 411 2918 negotium
427 2844 588 2920 detumet
602 2853 744 2921 quattuor
758 2846 895 2921 legiones
913 2845 1061 2910 scriberet
1071 2844 1159 2907 tuba-

182 2939 239 2982 nas
259 2924 340 2986 iuste
361 2943 487 2990 numero
508 2928 644 3004 peditam
659 2930 871 3006 equitumque,
896 2929 997 3006 iisqne
1019 2936 1163 3005 quattmr

184 3004 324 3068 tribunos
339 3009 466 3072 militurn
481 3027 519 3072 ax
534 3021 643 3074 senatu
659 3015 774 3089 legeret
784 3013 835 3090 qui
847 3021 1043 3089 praeessent;
1066 3011 1161 3076 sociis

181 3088 279 3150 Latini
293 3093 425 3155 nominis
440 3093 602 3170 imperaret
617 3096 790 3172 q‘uintiaoim
811 3097 892 3162 milia
906 3097 1061 3174 peditum,
1080 3099 1162 3160 mille

182 3179 213 3234 et
226 3171 376 3236 ducentos
397 3176 533 3252 equites:
557 3179 585 3240 is
605 3179 757 3242 exereitus
772 3183 815 3244 uti
831 3190 958 3258 paratas
972 3191 1075 3254 esset‚.
1098 3196 1160 3256 que

182 3263 308 3320 senatus
330 3260 512 3323 censuisset.
537 3262 569 3322 P.
583 3263 699 3326 Licinio
714 3265 835 3331 consuli
849 3267 889 3327 ad
904 3265 1072 3332 exereitum
1087 3263 1159 3325 eivi-

183 3345 241 3402 lem
252 3342 461 3421 socialemque
472 3347 584 3422 petenti
596 3347 829 3424 additamentis,
840 3348 985 3426 Ligurum
994 3350 1056 3412 duo
1067 3345 1160 3416 milia,

183 3425 345 3490 cretenses
361 3427 508 3506 sagittarii
523 3461 565 3476 -
578 3432 712 3497 incertus
726 3449 886 3506 numanus,
903 3440 1047 3508 quantum
1060 3430 1160 3508 rogati
