2592 3964
191 217 234 282 so
332 216 594 278 umaaxxxrx.
618 215 699 277 aar.
716 217 815 278 aar,
838 222 874 290 p.
891 221 924 272 o.
941 219 1042 288 aare]
1147 176 1151 186 ⁴

179 445 180 450 ἵ
272 369 350 430 LlV.
372 369 449 430 Dum
466 367 544 428 haec
558 369 589 428 in
604 365 784 428 Macedonia
798 371 960 441 geruntur,
980 363 1125 426 eonsules
1140 365 1172 426 in

114 492 117 498 ,
189 453 365 530 provincias
387 451 527 530 proiecti.
561 451 723 512 Marcellus
742 450 877 510 nuntium
899 448 1056 525 praemisit
1077 447 1117 508 ad
1137 449 1174 509 L.

188 537 328 598 Porcium
347 537 580 613 proconsulem,
602 543 635 596 ut
655 537 696 605 ad
716 549 829 596 novum
853 533 1008 594 Gallorum
1023 531 1172 608 oppidum

188 621 326 696 legiones
343 620 530 681 admoveret.
559 617 732 680 aduenienti
753 617 870 679 consuli
892 616 968 677 Galli
991 631 1063 677 sese
1084 616 1170 676 dedi·

189 706 308 765 derunt.
340 704 504 766 duodecim
518 703 600 762 milia
614 709 799 763 armatorum
818 707 917 762 orante
934 701 1073 776 plerique
1088 715 1171 760 arma

188 805 226 848 ex
243 789 325 864 agris
339 796 428 864 rapta
447 787 615 848 habebanta
645 803 682 846 ea
701 801 794 862 aegre
814 783 999 860 patientibus
1015 783 1053 844 iis
1068 783 1171 844 adem·

165 930 167 937 .
187 879 257 948 pta,
274 888 416 950 quaeque
430 871 490 933 alia
505 878 556 933 aut
569 871 752 947 populantes
770 885 863 944 agros
877 874 1043 945 rapuerant
1056 873 1109 927 aut
1121 881 1170 927 se-

188 971 258 1016 cum
272 957 442 1017 attulerant.
469 956 507 1015 de
518 955 567 1015 his
579 955 672 1014 rebus
688 955 739 1028 qui
755 958 966 1028 quererentur,
980 953 1099 1026 legatos
1110 950 1172 1012 Ro·

188 1055 268 1099 nram
283 1039 440 1100 miserunt.
468 1038 631 1099 introducti
646 1039 676 1096 in
692 1043 830 1098 senatum
851 1053 869 1096 a
891 1035 923 1096 c.
938 1035 1062 1096 Valerio
1084 1049 1172 1112 prae·

188 1131 254 1182 tore
267 1129 477 1198 exposuerunt
491 1138 526 1183 se
547 1128 711 1196 superante
733 1120 762 1180 in
786 1120 882 1181 Gallia
902 1118 1092 1180 multitudine
1107 1117 1172 1179 ino·

188 1207 241 1282 pia
259 1212 385 1267 coactos
399 1206 464 1282 agri
479 1213 509 1265 et
524 1211 661 1280 egestate
675 1205 715 1264 ad
731 1204 937 1280 quaerendam
954 1202 1060 1263 sedern
1074 1203 1172 1278 Alpes

188 1297 418 1366 transgressor,
434 1305 513 1366 quae
528 1289 641 1350 inculta
663 1304 718 1364 per
744 1288 923 1349 solitudines
953 1285 1107 1362 viderent,
1131 1285 1172 1347 ibi

189 1373 256 1435 sine
266 1374 356 1436 ullius
369 1373 478 1435 iniuria
490 1373 683 1434 consedisse.
713 1373 861 1449 oppidum
873 1386 997 1448 quoque
1009 1369 1172 1431 aedificare

189 1459 348 1535 coepisse,
365 1458 450 1535 quod
466 1457 610 1519 indicium
625 1464 710 1518 esset
724 1471 782 1518 nec
796 1471 870 1532 agro
887 1471 945 1516 nec
961 1452 1028 1515 urbi
1042 1453 1095 1512 ulli
1111 1453 1172 1512 vim

189 1543 345 1603 adlaturos
364 1543 498 1602 venisse.
528 1557 627 1618 nuper
640 1541 680 1600 Μ.
697 1537 854 1602 Claudium
866 1540 905 1599 ad
918 1554 952 1600 se
967 1538 1103 1598 nuntium
1118 1536 1172 1596 rni-

189 1627 269 1686 sisse
279 1625 392 1685 bellurn
403 1641 439 1686 se
450 1640 519 1685 cunr
531 1623 584 1699 iis,
601 1625 631 1684 ni
644 1624 843 1696 dederentur,
859 1630 1024 1700 gesturum.
1054 1637 1090 1683 se
1107 1635 1171 1682 cer-

190 1717 265 1782 tam,
281 1709 340 1769 etsi
354 1724 416 1769 non
434 1708 609 1785 speciosam
631 1722 738 1784 pacem
760 1722 851 1782 quam
867 1707 982 1768 incerta
997 1705 1068 1766 belli
1083 1719 1171 1781 prae-

191 1799 331 1870 optantes
347 1792 507 1854 dedidisse
521 1807 556 1852 se
572 1791 656 1868 prius
679 1791 710 1858 in
730 1791 822 1851 fidem
839 1806 929 1867 quam
945 1790 975 1850 in
990 1796 1172 1867 potestatem

105 1908 107 1912 ‚
188 1877 294 1954 populi
309 1876 449 1937 Romani.
475 1883 549 1952 post
568 1891 686 1952 paucos
712 1875 779 1936 dies
800 1875 905 1935 iussos
920 1881 951 1935 et
964 1889 1039 1950 agro
1053 1881 1084 1936 et
1097 1872 1173 1934 urbe

189 1961 340 2021 decedere
355 1975 427 2021 sese
440 1959 550 2021 tacitos
564 1958 663 2034 abire,
679 1975 740 2035 quo
751 1965 900 2020 terrarum
910 1965 1049 2035 possent,
1064 1958 1093 2019 in
1108 1957 1173 2017 ani·

192 2059 243 2105 mo
257 2043 415 2104 habuisse.
443 2059 528 2104 arma
550 2043 662 2104 deinde
682 2043 756 2118 sibi,
779 2049 809 2103 ct
823 2049 980 2118 postremo
997 2040 1099 2103 omnia
1114 2039 1173 2101 alia

191 2143 270 2203 qnae
285 2127 397 2187 terrent
410 2134 612 2204 agerentque,
628 2127 779 2202 adempta.
810 2141 899 2187 orare
914 2142 950 2187 se
963 2132 1101 2188 senatum
1115 2139 1170 2200 po-

189 2211 357 2288 pulumque
370 2211 541 2274 Romanum
557 2227 595 2272 ne
615 2212 645 2271 in
665 2226 700 2272 se
720 2209 865 2272 innoxios
887 2210 1009 2272 deditos
1031 2207 1172 2270 acerbius

190 2311 281 2370 quam
297 2295 327 2355 in
342 2293 449 2356 hostes
469 2295 636 2356 saevirent.
670 2294 742 2355 huic
763 2293 893 2355 orationi
915 2301 1041 2356 senatus
1063 2294 1105 2355 ita
1126 2309 1171 2352 re-

191 2377 338 2455 sponderi
353 2376 458 2452 iussit,
473 2393 575 2453 neque
590 2379 660 2438 illos
680 2384 763 2439 recte
783 2378 911 2452 iecisse,
927 2392 995 2438 curn
1010 2379 1041 2437 in
1056 2375 1171 2437 ltaliam

191 2462 328 2522 venerint
342 2461 554 2538 oppidumque
568 2462 598 2522 in
613 2462 713 2523 allano
729 2477 819 2538 agro,
834 2461 946 2523 nullius
963 2459 1092 2522 Romani
1108 2474 1172 2519 ma-

189 2543 349 2621 gistratus,
366 2545 418 2620 qui
429 2544 458 2604 ei
470 2545 648 2622 provinciae
660 2553 828 2622 praeesset,
843 2545 994 2621 permissu
1007 2543 1172 2604 aedificare

190 2628 291 2690 conati
306 2627 383 2699 sint;
405 2643 507 2704 neque
527 2629 645 2690 senatui
665 2629 787 2706 placere
808 2629 930 2690 deditos
951 2626 1088 2704 spoliari.
1116 2625 1171 2686 ita-

190 2727 251 2789 que
265 2727 301 2773 se
315 2728 383 2773 cum
399 2712 436 2774 iis
455 2713 574 2789 legatos
589 2713 628 2774 ad
643 2713 800 2776 consulem
815 2712 981 2787 missuros,
997 2710 1064 2786 qui,
1082 2709 1109 2772 si
1123 2724 1171 2770 re·

191 2799 284 2859 deant
298 2798 379 2858 unde
393 2798 546 2872 venerint,
562 2797 663 2858 omnia
677 2797 715 2857 iis
730 2812 787 2857 sua
800 2795 888 2856 reddi
903 2794 1041 2869 iubeant,
1057 2793 1173 2870 quique

190 2881 330 2958 protinus
346 2889 416 2943 eant
433 2888 519 2942 nans
533 2881 646 2956 Alpes,
661 2886 691 2941 et
707 2879 885 2940 denuntient
899 2877 1022 2940 Gallicis
1038 2876 1172 2954 populis,

191 2965 410 3027 multitudinem
425 2981 513 3027 suurn
532 2964 615 3024 domi
636 2962 825 3026 contineant:
854 2963 951 3039 Alpes
972 2976 1071 3038 prope
1085 2961 1171 3022 inex-

191 3047 395 3124 superabilem
410 3047 502 3110 linem
517 3048 554 3114 in⁴
564 3047 666 3111 medio
681 3064 769 3116 esse;
798 3060 860 3106 non
880 3045 985 3121 utique
1007 3044 1045 3107 iis
1059 3045 1171 3107 melius

192 3132 273 3203 lore,
289 3148 379 3207 quam
396 3131 447 3210 qul
467 3147 522 3193 eas
543 3132 632 3209 primi
649 3132 772 3209 pervias
793 3128 949 3192 iecissent.
977 3129 1068 3206 legati
1082 3127 1172 3190 rnissi

190 3216 222 3277 L.
233 3214 342 3276 Furius
353 3215 500 3292 Purpurio
514 3215 548 3292 Q.
559 3215 711 3277 Minucius
722 3215 755 3275 L.
763 3211 895 3274 Manlius
906 3213 1067 3276 Acidinus.
1084 3212 1171 3288 Galli,

191 3299 318 3361 redditis
335 3298 475 3361 omnibus
501 3316 581 3376 quae
595 3300 662 3361 sine
676 3295 858 3374 cuiusquam
883 3297 992 3360 iniuria
1007 3296 1170 3368 habebant,
1288 3293 1289 3298 ’

189 3383 277 3444 ltalia
292 3391 500 3444 excesserunt
544 3385 607 3445 LV.
622 3382 731 3460 legatis
745 3382 895 3452 Romania
907 3380 1099 3457 Transalpini
1114 3394 1169 3455 po·

184 3467 252 3543 puli
267 3467 397 3546 benigne
412 3467 646 3544 responderunt
675 3468 814 3530 seniores
836 3482 942 3530 eorum
957 3464 1081 3528 nimiam
1094 3459 1169 3524 leni·
