2592 3964
274 234 390 296 nmen
403 233 535 296 xrutrx.
556 236 748 300 cursam.
768 239 922 320 [acam]
1038 240 1081 302 ac

90 390 197 468 pudor
217 387 313 452 movit
332 389 448 464 primos
469 387 676 462 centuriones
700 390 752 465 qui
772 390 850 452 inter
868 392 928 454 tela
947 391 1080 456 hostium

89 481 270 553 praetorem
285 478 524 547 conspexerunt.
551 472 655 548 itaque
669 489 779 549 urgere
793 473 957 550 signiferos
972 491 1029 551 pro
1045 493 1081 539 se

88 557 243 635 quisque,
265 555 370 617 iubere
389 555 504 616 inierrc
521 556 609 632 signa
624 563 654 616 et
667 557 828 618 confestim
843 558 967 620 militem
981 561 1080 636 sequi.

88 646 262 703 renovatur
281 639 319 700 ab
334 639 475 700 omnibus
491 638 620 699 clamor:
641 638 774 715 impetus
788 641 823 701 iit
835 643 919 704 vetut
933 657 973 702 ex
986 659 1080 719 supe

88 726 174 787 riore
188 725 270 785 loco.
291 721 374 784 baud
388 735 480 784 secus
495 737 569 798 ergo
586 739 678 799 quam
690 725 833 785 torrentis
845 726 939 786 modo
950 726 1081 789 tundunt

89 813 296 883 sternuntque
310 808 487 882 perculsos,
503 821 561 867 neo
576 805 722 868 sustineri
736 806 786 868 olii
801 823 897 883 super
912 810 989 870 alios
1002 810 1049 870 ini
1067 844 1078 854 ·
1141 867 1143 872 .

87 899 195 954 rentes
212 906 284 952 sese
297 896 438 965 possunt.
460 890 611 965 tngiemes
628 891 659 953 in
674 897 775 952 castra
789 893 909 966 equites
924 894 1079 968 persecuti

88 982 178 1049 sunt,
200 982 231 1036 et
251 973 392 1051 permixti
411 973 518 1034 turbae
532 974 665 1036 bostium
680 974 758 1035 intra
771 976 884 1036 vallum
899 983 1078 1052 penetrave

88 1069 178 1129 ruam
201 1058 255 1120 ubi
276 1057 315 1118 ab
334 1057 448 1119 relictis
463 1055 494 1117 in
508 1057 665 1134 praesidio
681 1065 851 1120 castrorum
869 1058 1019 1136 proelium
1033 1061 1079 1121 in·

88 1150 270 1217 stannatum,
289 1141 450 1218 coactique
465 1148 537 1204 sunt
550 1141 681 1204 Romani
696 1141 816 1218 equites
832 1143 1023 1205 descendere
1038 1160 1079 1205 ex
1106 1187 1109 1194 -

88 1224 190 1303 equis.
226 1224 438 1286 dimicantibus
459 1223 497 1286 iis
517 1225 598 1300 legio
620 1226 725 1300 quinta
739 1226 932 1302 superventa
956 1227 1078 1304 deinde,

87 1318 119 1371 ut
136 1325 280 1386 quaeque
297 1315 467 1385 potuerant
483 1309 592 1384 copiae
606 1307 791 1371 adimebant.
822 1310 991 1373 caeduntur
1005 1327 1077 1387 pas-

89 1395 149 1455 sim
164 1392 295 1468 Hispani
309 1407 365 1469 pcr
378 1399 443 1455 toto
457 1398 574 1464 castra-3
596 1408 654 1454 nec
669 1393 741 1469 plus
756 1408 848 1468 quarn
865 1401 1010 1468 quattuor
1022 1395 1077 1456 mi·

87 1478 127 1537 lla
142 1475 301 1538 hominum
315 1475 497 1552 effugerunt.
522 1474 595 1536 inde
610 1475 667 1536 tria
679 1474 763 1536 milia
774 1477 849 1551 lere,
865 1475 917 1552 qui
932 1493 1016 1538 arma
1028 1492 1077 1538 re·

87 1562 248 1636 tinuerant,
264 1566 397 1622 montem
407 1558 616 1636 propinquum
628 1565 790 1636 ceperunt;
805 1559 887 1621 mille
898 1560 1076 1623 semiermes

87 1643 223 1705 maxime
234 1658 291 1721 per
301 1659 392 1722 agros
405 1642 496 1719 palati
506 1650 587 1704 sunt.
608 1658 704 1719 supra
714 1641 836 1719 triginta
848 1644 984 1720 quinque
994 1644 1077 1706 milia

87 1727 224 1789 bostium
244 1727 377 1800 inerant,
400 1742 440 1788 ex
462 1726 573 1802 quibus
590 1733 652 1789 tum
672 1727 784 1802 exigua
797 1743 872 1804 pars
887 1743 1010 1805 pugnae
1024 1744 1076 1790 su·

87 1811 212 1888 perluit.
235 1811 323 1888 signa
338 1817 429 1888 capta
443 1817 563 1872 centum
576 1809 774 1888 trigintatria.
794 1811 925 1873 Romani
936 1812 1076 1888 sociique
1142 1889 1145 1894 Ι

88 1896 183 1972 paulo
205 1896 275 1971 plus
296 1895 433 1957 sexcenti
452 1902 483 1956 et
499 1893 731 1970 provincialium
751 1895 934 1957 auxiliorum
955 1902 1076 1958 centum

89 1977 311 2056 quinquaginta
331 1981 426 2040 terme
447 1979 632 2042 ceciderunt
665 1977 777 2040 tribuni
798 1979 924 2043 rnilitum
939 1979 1076 2055 quinque

88 2061 195 2124 omissi
205 2071 237 2124 et
253 2062 345 2139 pauci
359 2063 480 2138 equites
490 2062 621 2124 Romani
632 2067 776 2124 cruentae
785 2063 917 2124 maxime
928 2063 1075 2125 victumae

88 2145 225 2223 speciem
246 2147 391 2210 lecerunt.
424 2145 455 2206 in
470 2145 580 2208 castris
592 2144 742 2219 hostium,
763 2146 836 2220 quia
849 2145 927 2222 ipsis
942 2146 1075 2222 spatium

88 2247 146 2292 sua
167 2229 393 2291 communiendi
412 2245 475 2290 non
494 2230 608 2304 iuerat,
630 2234 816 2292 manserunt.
852 2245 909 2306 pro
931 2231 1074 2290 cendone

87 2322 215 2392 postero
230 2313 280 2374 die
294 2311 410 2374 laudati
424 2310 591 2390 donatique
605 2329 624 2373 a
639 2314 669 2375 (i.
683 2311 846 2387 Calpurnio
862 2311 983 2388 equites
998 2311 1073 2389 pba-

87 2397 177 2472 leris,
193 2395 461 2474 pronuntiavitque
475 2412 583 2459 eorum
596 2395 728 2458 maxime
742 2411 839 2472 opera
852 2395 960 2459 hostes
975 2397 1072 2470 lusos,

87 2488 191 2544 castra
210 2488 300 2556 capta
319 2486 350 2542 et
370 2487 546 2557 expugnata
567 2495 648 2542 esse.
677 2478 834 2556 Quinctius
855 2481 932 2540 alter
949 2485 1074 2557 praetor

87 2581 163 2628 suos
185 2565 306 2640 equites
327 2564 443 2626 catellis
462 2581 501 2627 ac
515 2563 616 2626 fibulis
637 2562 771 2626 donavit.
804 2562 910 2626 donati
924 2572 954 2627 et
969 2573 1072 2626 centu·

85 2650 190 2712 nones
203 2665 243 2709 ex
253 2647 414 2724 utriusque
425 2646 561 2710 exercitu
572 2648 722 2723 permulti,
734 2647 865 2707 maxime
877 2646 930 2723 qui
942 2647 1073 2709 mediam

86 2731 184 2794 aciem
199 2739 370 2794 tenuerunt.

171 2815 290 2878 XXXII.
320 2813 468 2877 consules
493 2815 654 2877 dilectibus
680 2814 825 2889 aliisque,
852 2829 932 2889 quae
955 2814 1072 2875 Romae

85 2899 226 2976 agendae
240 2906 335 2974 erant,
352 2899 484 2975 peractis
494 2898 587 2960 rebus
602 2899 633 2959 in
643 2898 771 2974 Ligures
783 2895 972 2975 provinciam
983 2911 1072 2958 exer-

86 2985 177 3045 citum
192 2983 353 3045 duxerunt.
375 2981 576 3058 Sempronius
590 2982 698 3044 aPisis
710 2982 866 3058 proiectus
877 2979 908 3044 in
919 2981 1071 3058 Apuanos

84 3067 229 3143 Ligures,
249 3066 401 3129 vastando
423 3081 516 3142 agros
533 3066 715 3143 urendoque
732 3066 819 3127 vicos
834 3072 865 3128 et
878 3066 1004 3126 castella
1018 3079 1070 3126 eo-

85 3167 153 3212 rum
170 3150 290 3226 aperuit
310 3152 420 3213 saltum
440 3165 541 3226 usque
562 3151 602 3210 ad
619 3149 753 3210 Macram
774 3147 902 3211 fluvium
922 3156 953 3211 et
965 3148 1072 3211 Lunae

85 3239 217 3309 portum.
246 3234 352 3297 hostes
372 3239 520 3309 montem,
541 3233 696 3310 antiquam
712 3233 818 3294 sedem
831 3233 980 3294 maiorum
998 3247 1070 3293 suo·

85 3335 161 3391 rum,
178 3325 342 3396 ceperunt;
365 3326 395 3379 et
407 3317 480 3380 inde
495 3325 640 3395 superata
654 3319 792 3379 locorum
806 3315 965 3394 iniquitate
980 3329 1069 3391 proe-

86 3400 125 3463 lio
148 3401 259 3464 deiecti
280 3409 360 3463 sunt
392 3408 422 3462 et
436 3401 656 3478 Ap.'claudius
679 3401 851 3463 felicitatem
866 3401 1070 3474 virtutemque

87 3487 221 3564 collegae
241 3487 272 3547 in
286 3484 449 3562 Liguribus
462 3484 607 3562 Ingaunis
624 3484 768 3560 aequavit
788 3483 933 3547 secundis
955 3483 1072 3560 aliquot

149 3689 165 3732 9
