<?xml version="1.0" encoding="UTF-8"?>
<!DOCTYPE html PUBLIC "-//W3C//DTD XHTML 1.0 Transitional//EN"
    "http://www.w3.org/TR/xhtml1/DTD/xhtml1-transitional.dtd">
<html xmlns="http://www.w3.org/1999/xhtml" xml:lang="en" lang="en">
 <head>
  <title>
</title>
<meta http-equiv="Content-Type" content="text/html;charset=utf-8" />
  <meta name='ocr-system' content='tesseract 3.04.00' />
  <meta name='ocr-capabilities' content='ocr_page ocr_carea ocr_par ocr_line ocrx_word'/>
</head>
<body>
  <div class='ocr_page' id='page_1' title='image "./aburbeconditali09livygoog_0299.png"; bbox 0 0 2570 3952; ppageno 0'>
   <div class='ocr_carea' id='block_1_1' title="bbox 295 210 1084 290">
    <p class='ocr_par' dir='ltr' id='par_1_1' title="bbox 295 210 1084 290">
     <span class='ocr_line' id='line_1_1' title="bbox 295 210 1084 290; baseline 0.01 -19"><span class='ocrx_word' id='word_1_1' title='bbox 295 210 410 272; x_wconf 78' lang='lat' dir='ltr'><strong>LIBER</strong></span> <span class='ocrx_word' id='word_1_2' title='bbox 424 212 513 290; x_wconf 79' lang='lat' dir='ltr'><strong>XLV.</strong></span> <span class='ocrx_word' id='word_1_3' title='bbox 536 213 907 288; x_wconf 75' lang='lat' dir='ltr'>CAP.19.20.[a.0.167]</span> <span class='ocrx_word' id='word_1_4' title='bbox 1023 213 1084 279; x_wconf 81' lang='lat' dir='ltr'>atr</span> 
     </span>
    </p>
   </div>
   <div class='ocr_carea' id='block_1_2' title="bbox 104 363 1087 3528">
    <p class='ocr_par' dir='ltr' id='par_1_2' title="bbox 104 363 1087 2192">
     <span class='ocr_line' id='line_1_2' title="bbox 105 363 1083 444; baseline 0.004 -19"><span class='ocrx_word' id='word_1_5' title='bbox 105 363 198 425; x_wconf 85' lang='lat' dir='ltr'>ambo</span> <span class='ocrx_word' id='word_1_6' title='bbox 212 363 350 424; x_wconf 89' lang='lat' dir='ltr'>inlirmcs</span> <span class='ocrx_word' id='word_1_7' title='bbox 366 363 519 425; x_wconf 74' lang='lat' dir='ltr'>distractis</span> <span class='ocrx_word' id='word_1_8' title='bbox 535 365 660 440; x_wconf 90' lang='lat' dir='ltr'>viribus,</span> <span class='ocrx_word' id='word_1_9' title='bbox 683 373 713 426; x_wconf 89' lang='lat' dir='ltr'>et</span> <span class='ocrx_word' id='word_1_10' title='bbox 727 367 867 428; x_wconf 89' lang='lat' dir='ltr'>omnibus</span> <span class='ocrx_word' id='word_1_11' title='bbox 883 369 997 428; x_wconf 88' lang='lat' dir='ltr'>iniuriis</span> <span class='ocrx_word' id='word_1_12' title='bbox 1015 387 1083 444; x_wconf 92' lang='lat' dir='ltr'>pro-</span> 
     </span>
     <span class='ocr_line' id='line_1_3' title="bbox 105 445 1086 526; baseline 0.003 -16"><span class='ocrx_word' id='word_1_13' title='bbox 105 447 234 522; x_wconf 89' lang='lat' dir='ltr'>brisque</span> <span class='ocrx_word' id='word_1_14' title='bbox 245 445 397 507; x_wconf 86' lang='lat' dir='ltr'>obnoxios</span> <span class='ocrx_word' id='word_1_15' title='bbox 410 448 490 508; x_wconf 82' lang='lat' dir='ltr'>lore:</span> <span class='ocrx_word' id='word_1_16' title='bbox 503 447 529 507; x_wconf 91' lang='lat' dir='ltr'>si</span> <span class='ocrx_word' id='word_1_17' title='bbox 539 455 643 521; x_wconf 92' lang='lat' dir='ltr'>totum,</span> <span class='ocrx_word' id='word_1_18' title='bbox 656 449 847 524; x_wconf 86' lang='lat' dir='ltr'><strong>privatumne</strong></span> <span class='ocrx_word' id='word_1_19' title='bbox 859 467 932 526; x_wconf 85' lang='lat' dir='ltr'>ergo</span> <span class='ocrx_word' id='word_1_20' title='bbox 941 453 1086 520; x_wconf 86' lang='lat' dir='ltr'>maiorem</span> 
     </span>
     <span class='ocr_line' id='line_1_4' title="bbox 106 529 1084 612; baseline 0.008 -22"><span class='ocrx_word' id='word_1_21' title='bbox 106 533 248 603; x_wconf 81' lang='lat' dir='ltr'>tratrem,</span> <span class='ocrx_word' id='word_1_22' title='bbox 270 545 307 589; x_wconf 92' lang='lat' dir='ltr'>an</span> <span class='ocrx_word' id='word_1_23' title='bbox 324 530 463 590; x_wconf 84' lang='lat' dir='ltr'>exsulem</span> <span class='ocrx_word' id='word_1_24' title='bbox 483 529 534 591; x_wconf 90' lang='lat' dir='ltr'>illa</span> <span class='ocrx_word' id='word_1_25' title='bbox 548 538 661 606; x_wconf 88' lang='lat' dir='ltr'>aetate,</span> <span class='ocrx_word' id='word_1_26' title='bbox 682 532 733 593; x_wconf 84' lang='lat' dir='ltr'>illa</span> <span class='ocrx_word' id='word_1_27' title='bbox 747 535 887 610; x_wconf 85' lang='lat' dir='ltr'>eorporis</span> <span class='ocrx_word' id='word_1_28' title='bbox 902 535 1084 612; x_wconf 88' lang='lat' dir='ltr'>infirmitate,</span> 
     </span>
     <span class='ocr_line' id='line_1_5' title="bbox 106 613 1085 692; baseline 0.006 -18"><span class='ocrx_word' id='word_1_29' title='bbox 106 614 147 674; x_wconf 87' lang='lat' dir='ltr'>ad</span> <span class='ocrx_word' id='word_1_30' title='bbox 167 613 302 674; x_wconf 89' lang='lat' dir='ltr'>ultimum</span> <span class='ocrx_word' id='word_1_31' title='bbox 325 613 402 672; x_wconf 90' lang='lat' dir='ltr'>mori</span> <span class='ocrx_word' id='word_1_32' title='bbox 424 613 600 675; x_wconf 73' lang='lat' dir='ltr'>iussurum?</span> <span class='ocrx_word' id='word_1_33' title='bbox 626 615 782 690; x_wconf 90' lang='lat' dir='ltr'>egregium</span> <span class='ocrx_word' id='word_1_34' title='bbox 804 619 898 692; x_wconf 90' lang='lat' dir='ltr'>enim,</span> <span class='ocrx_word' id='word_1_35' title='bbox 923 620 1085 680; x_wconf 81' lang='lat' dir='ltr'>utramuis</span> 
     </span>
     <span class='ocr_line' id='line_1_6' title="bbox 106 695 1085 774; baseline 0.005 -16"><span class='ocrx_word' id='word_1_36' title='bbox 106 697 234 758; x_wconf 89' lang='lat' dir='ltr'>traditus</span> <span class='ocrx_word' id='word_1_37' title='bbox 245 695 408 772; x_wconf 89' lang='lat' dir='ltr'>impiorum</span> <span class='ocrx_word' id='word_1_38' title='bbox 420 698 545 758; x_wconf 77' lang='lat' dir='ltr'><strong>fratrum</strong></span> <span class='ocrx_word' id='word_1_39' title='bbox 557 705 685 758; x_wconf 88' lang='lat' dir='ltr'>eventus</span> <span class='ocrx_word' id='word_1_40' title='bbox 697 706 841 774; x_wconf 73' lang='lat' dir='ltr'>taceatur,</span> <span class='ocrx_word' id='word_1_41' title='bbox 855 700 958 762; x_wconf 90' lang='lat' dir='ltr'>Persei</span> <span class='ocrx_word' id='word_1_42' title='bbox 970 704 1085 763; x_wconf 90' lang='lat' dir='ltr'>exitum</span> 
     </span>
     <span class='ocr_line' id='line_1_7' title="bbox 104 781 1085 861; baseline 0.006 -21"><span class='ocrx_word' id='word_1_43' title='bbox 104 781 218 854; x_wconf 88' lang='lat' dir='ltr'>videri,</span> <span class='ocrx_word' id='word_1_44' title='bbox 243 781 295 855; x_wconf 87' lang='lat' dir='ltr'>qui</span> <span class='ocrx_word' id='word_1_45' title='bbox 316 796 355 840; x_wconf 87' lang='lat' dir='ltr'>ex</span> <span class='ocrx_word' id='word_1_46' title='bbox 378 781 510 841; x_wconf 80' lang='lat' dir='ltr'>fraterna</span> <span class='ocrx_word' id='word_1_47' title='bbox 523 782 619 841; x_wconf 87' lang='lat' dir='ltr'>caede</span> <span class='ocrx_word' id='word_1_48' title='bbox 632 790 752 858; x_wconf 88' lang='lat' dir='ltr'>raptum</span> <span class='ocrx_word' id='word_1_49' title='bbox 769 783 910 844; x_wconf 85' lang='lat' dir='ltr'>diadema</span> <span class='ocrx_word' id='word_1_50' title='bbox 924 785 953 844; x_wconf 94' lang='lat' dir='ltr'>in</span> <span class='ocrx_word' id='word_1_51' title='bbox 970 787 1085 861; x_wconf 87' lang='lat' dir='ltr'>templo</span> 
     </span>
     <span class='ocr_line' id='line_1_8' title="bbox 105 863 1082 943; baseline 0.004 -18"><span class='ocrx_word' id='word_1_52' title='bbox 105 863 348 937; x_wconf 88' lang='lat' dir='ltr'>Samothracum,</span> <span class='ocrx_word' id='word_1_53' title='bbox 363 865 447 924; x_wconf 89' lang='lat' dir='ltr'>velut</span> <span class='ocrx_word' id='word_1_54' title='bbox 456 864 669 940; x_wconf 87' lang='lat' dir='ltr'>praesentibus</span> <span class='ocrx_word' id='word_1_55' title='bbox 681 865 740 927; x_wconf 88' lang='lat' dir='ltr'>diis</span> <span class='ocrx_word' id='word_1_56' title='bbox 752 867 944 942; x_wconf 78' lang='lat' dir='ltr'>exigentibus</span> <span class='ocrx_word' id='word_1_57' title='bbox 956 885 1082 943; x_wconf 86' lang='lat' dir='ltr'>poenas,</span> 
     </span>
     <span class='ocr_line' id='line_1_9' title="bbox 105 947 1084 1027; baseline 0.007 -19"><span class='ocrx_word' id='word_1_58' title='bbox 105 948 146 1008; x_wconf 92' lang='lat' dir='ltr'>ad</span> <span class='ocrx_word' id='word_1_59' title='bbox 163 947 264 1023; x_wconf 88' lang='lat' dir='ltr'>pedes</span> <span class='ocrx_word' id='word_1_60' title='bbox 287 948 410 1008; x_wconf 90' lang='lat' dir='ltr'>victoris</span> <span class='ocrx_word' id='word_1_61' title='bbox 431 947 529 1008; x_wconf 92' lang='lat' dir='ltr'>hostis</span> <span class='ocrx_word' id='word_1_62' title='bbox 553 955 725 1023; x_wconf 89' lang='lat' dir='ltr'>prostratus</span> <span class='ocrx_word' id='word_1_63' title='bbox 746 949 893 1025; x_wconf 83' lang='lat' dir='ltr'>posuerit.</span> <span class='ocrx_word' id='word_1_64' title='bbox 915 966 970 1011; x_wconf 91' lang='lat' dir='ltr'>ecs</span> <span class='ocrx_word' id='word_1_65' title='bbox 985 953 1084 1027; x_wconf 90' lang='lat' dir='ltr'>ipsos,</span> 
     </span>
     <span class='ocr_line' id='line_1_10' title="bbox 108 1030 1082 1109; baseline 0.003 -18"><span class='ocrx_word' id='word_1_66' title='bbox 108 1031 237 1107; x_wconf 87' lang='lat' dir='ltr'>quinon</span> <span class='ocrx_word' id='word_1_67' title='bbox 252 1030 294 1090; x_wconf 91' lang='lat' dir='ltr'>illi</span> <span class='ocrx_word' id='word_1_68' title='bbox 309 1031 398 1090; x_wconf 86' lang='lat' dir='ltr'>amici</span> <span class='ocrx_word' id='word_1_69' title='bbox 412 1033 470 1090; x_wconf 88' lang='lat' dir='ltr'>sed</span> <span class='ocrx_word' id='word_1_70' title='bbox 483 1031 609 1093; x_wconf 85' lang='lat' dir='ltr'>Eumeni</span> <span class='ocrx_word' id='word_1_71' title='bbox 624 1032 726 1094; x_wconf 89' lang='lat' dir='ltr'>inlesti</span> <span class='ocrx_word' id='word_1_72' title='bbox 741 1032 896 1094; x_wconf 87' lang='lat' dir='ltr'>stimulent</span> <span class='ocrx_word' id='word_1_73' title='bbox 910 1050 994 1106; x_wconf 87' lang='lat' dir='ltr'>eum,</span> <span class='ocrx_word' id='word_1_74' title='bbox 1018 1034 1082 1109; x_wconf 91' lang='lat' dir='ltr'>pie-</span> 
     </span>
     <span class='ocr_line' id='line_1_11' title="bbox 106 1113 1084 1189; baseline 0.002 -12"><span class='ocrx_word' id='word_1_75' title='bbox 106 1121 200 1177; x_wconf 83' lang='lat' dir='ltr'>tatem</span> <span class='ocrx_word' id='word_1_76' title='bbox 222 1113 698 1189; x_wconf 85' lang='lat' dir='ltr'>constantiamquelaudaturos,</span> <span class='ocrx_word' id='word_1_77' title='bbox 725 1117 753 1178; x_wconf 92' lang='lat' dir='ltr'>si</span> <span class='ocrx_word' id='word_1_78' title='bbox 773 1117 865 1178; x_wconf 91' lang='lat' dir='ltr'>fidem</span> <span class='ocrx_word' id='word_1_79' title='bbox 886 1119 927 1178; x_wconf 93' lang='lat' dir='ltr'>ad</span> <span class='ocrx_word' id='word_1_80' title='bbox 947 1119 1084 1179; x_wconf 91' lang='lat' dir='ltr'>ultimum</span> 
     </span>
     <span class='ocr_line' id='line_1_12' title="bbox 106 1197 1082 1275; baseline 0.003 -17"><span class='ocrx_word' id='word_1_81' title='bbox 106 1198 192 1258; x_wconf 84' lang='lat' dir='ltr'>tratri</span> <span class='ocrx_word' id='word_1_82' title='bbox 213 1197 426 1273; x_wconf 83' lang='lat' dir='ltr'>praestitisset.</span> <span class='ocrx_word' id='word_1_83' title='bbox 451 1199 516 1259; x_wconf 91' lang='lat' dir='ltr'>XX.</span> <span class='ocrx_word' id='word_1_84' title='bbox 538 1199 616 1260; x_wconf 85' lang='lat' dir='ltr'>haec</span> <span class='ocrx_word' id='word_1_85' title='bbox 637 1202 706 1275; x_wconf 92' lang='lat' dir='ltr'>plus</span> <span class='ocrx_word' id='word_1_86' title='bbox 726 1201 852 1261; x_wconf 90' lang='lat' dir='ltr'>valuere</span> <span class='ocrx_word' id='word_1_87' title='bbox 867 1202 898 1260; x_wconf 92' lang='lat' dir='ltr'>in</span> <span class='ocrx_word' id='word_1_88' title='bbox 911 1202 1003 1262; x_wconf 84' lang='lat' dir='ltr'>Attali</span> <span class='ocrx_word' id='word_1_89' title='bbox 1019 1203 1082 1262; x_wconf 90' lang='lat' dir='ltr'>ani·</span> 
     </span>
     <span class='ocr_line' id='line_1_13' title="bbox 106 1279 1084 1359; baseline 0.003 -17"><span class='ocrx_word' id='word_1_90' title='bbox 106 1297 168 1343; x_wconf 88' lang='lat' dir='ltr'>mo.</span> <span class='ocrx_word' id='word_1_91' title='bbox 190 1282 292 1356; x_wconf 90' lang='lat' dir='ltr'>ltaque</span> <span class='ocrx_word' id='word_1_92' title='bbox 311 1281 501 1342; x_wconf 88' lang='lat' dir='ltr'>introductus</span> <span class='ocrx_word' id='word_1_93' title='bbox 522 1279 721 1359; x_wconf 81' lang='lat' dir='ltr'>insanarum,</span> <span class='ocrx_word' id='word_1_94' title='bbox 743 1285 910 1359; x_wconf 78' lang='lat' dir='ltr'>gratulatus</span> <span class='ocrx_word' id='word_1_95' title='bbox 924 1285 1084 1345; x_wconf 83' lang='lat' dir='ltr'>victoriam</span> 
     </span>
     <span class='ocr_line' id='line_1_14' title="bbox 108 1365 1082 1442; baseline 0 -15"><span class='ocrx_word' id='word_1_96' title='bbox 108 1371 164 1440; x_wconf 87' lang='lat' dir='ltr'>est,</span> <span class='ocrx_word' id='word_1_97' title='bbox 179 1373 209 1426; x_wconf 89' lang='lat' dir='ltr'>et</span> <span class='ocrx_word' id='word_1_98' title='bbox 224 1381 280 1426; x_wconf 89' lang='lat' dir='ltr'>sua</span> <span class='ocrx_word' id='word_1_99' title='bbox 295 1365 401 1424; x_wconf 87' lang='lat' dir='ltr'>merita</span> <span class='ocrx_word' id='word_1_100' title='bbox 415 1380 454 1426; x_wconf 93' lang='lat' dir='ltr'>eo</span> <span class='ocrx_word' id='word_1_101' title='bbox 467 1365 549 1426; x_wconf 88' lang='lat' dir='ltr'>bello</span> <span class='ocrx_word' id='word_1_102' title='bbox 564 1367 736 1442; x_wconf 80' lang='lat' dir='ltr'>fratrisque,</span> <span class='ocrx_word' id='word_1_103' title='bbox 753 1367 851 1442; x_wconf 91' lang='lat' dir='ltr'>siqua</span> <span class='ocrx_word' id='word_1_104' title='bbox 865 1375 958 1442; x_wconf 72' lang='lat' dir='ltr'>erant,</span> <span class='ocrx_word' id='word_1_105' title='bbox 975 1374 1005 1427; x_wconf 91' lang='lat' dir='ltr'>et</span> <span class='ocrx_word' id='word_1_106' title='bbox 1014 1367 1082 1427; x_wconf 87' lang='lat' dir='ltr'>Gal·</span> 
     </span>
     <span class='ocr_line' id='line_1_15' title="bbox 107 1448 1083 1525; baseline -0.001 -15"><span class='ocrx_word' id='word_1_107' title='bbox 107 1451 204 1510; x_wconf 91' lang='lat' dir='ltr'>lorum</span> <span class='ocrx_word' id='word_1_108' title='bbox 227 1448 444 1523; x_wconf 87' lang='lat' dir='ltr'>delectionem,</span> <span class='ocrx_word' id='word_1_109' title='bbox 467 1464 547 1524; x_wconf 88' lang='lat' dir='ltr'>quac</span> <span class='ocrx_word' id='word_1_110' title='bbox 568 1465 667 1524; x_wconf 89' lang='lat' dir='ltr'>nuper</span> <span class='ocrx_word' id='word_1_111' title='bbox 686 1449 800 1525; x_wconf 77' lang='lat' dir='ltr'>ingenti</span> <span class='ocrx_word' id='word_1_112' title='bbox 814 1459 898 1511; x_wconf 91' lang='lat' dir='ltr'>motu</span> <span class='ocrx_word' id='word_1_113' title='bbox 913 1452 993 1511; x_wconf 85' lang='lat' dir='ltr'>taeta</span> <span class='ocrx_word' id='word_1_114' title='bbox 1010 1458 1083 1524; x_wconf 86' lang='lat' dir='ltr'>erat,</span> 
     </span>
     <span class='ocr_line' id='line_1_16' title="bbox 107 1531 1082 1609; baseline 0.001 -16"><span class='ocrx_word' id='word_1_115' title='bbox 107 1533 266 1608; x_wconf 74' lang='lat' dir='ltr'>exposuit,</span> <span class='ocrx_word' id='word_1_116' title='bbox 290 1531 388 1608; x_wconf 89' lang='lat' dir='ltr'>petiit,</span> <span class='ocrx_word' id='word_1_117' title='bbox 408 1538 443 1592; x_wconf 90' lang='lat' dir='ltr'>ut</span> <span class='ocrx_word' id='word_1_118' title='bbox 457 1532 574 1608; x_wconf 89' lang='lat' dir='ltr'>legatos</span> <span class='ocrx_word' id='word_1_119' title='bbox 589 1534 718 1594; x_wconf 88' lang='lat' dir='ltr'>mitteret</span> <span class='ocrx_word' id='word_1_120' title='bbox 732 1535 772 1593; x_wconf 91' lang='lat' dir='ltr'>ad</span> <span class='ocrx_word' id='word_1_121' title='bbox 786 1549 859 1605; x_wconf 89' lang='lat' dir='ltr'>eos,</span> <span class='ocrx_word' id='word_1_122' title='bbox 882 1550 1013 1609; x_wconf 90' lang='lat' dir='ltr'>quorum</span> <span class='ocrx_word' id='word_1_123' title='bbox 1029 1550 1082 1594; x_wconf 88' lang='lat' dir='ltr'>au-</span> 
     </span>
     <span class='ocr_line' id='line_1_17' title="bbox 108 1615 1083 1693; baseline 0 -16"><span class='ocrx_word' id='word_1_124' title='bbox 108 1616 246 1678; x_wconf 87' lang='lat' dir='ltr'>ctoritate</span> <span class='ocrx_word' id='word_1_125' title='bbox 261 1615 300 1674; x_wconf 92' lang='lat' dir='ltr'>ah</span> <span class='ocrx_word' id='word_1_126' title='bbox 314 1615 406 1674; x_wconf 86' lang='lat' dir='ltr'>annis</span> <span class='ocrx_word' id='word_1_127' title='bbox 421 1623 630 1678; x_wconf 88' lang='lat' dir='ltr'>avocarentur.</span> <span class='ocrx_word' id='word_1_128' title='bbox 648 1616 696 1676; x_wconf 92' lang='lat' dir='ltr'>his</span> <span class='ocrx_word' id='word_1_129' title='bbox 712 1633 768 1693; x_wconf 94' lang='lat' dir='ltr'>pro</span> <span class='ocrx_word' id='word_1_130' title='bbox 783 1617 870 1692; x_wconf 85' lang='lat' dir='ltr'>regni</span> <span class='ocrx_word' id='word_1_131' title='bbox 881 1617 1008 1677; x_wconf 86' lang='lat' dir='ltr'>utilitate</span> <span class='ocrx_word' id='word_1_132' title='bbox 1019 1616 1083 1677; x_wconf 91' lang='lat' dir='ltr'>edi-</span> 
     </span>
     <span class='ocr_line' id='line_1_18' title="bbox 108 1698 1084 1776; baseline -0.001 -15"><span class='ocrx_word' id='word_1_133' title='bbox 108 1700 148 1761; x_wconf 89' lang='lat' dir='ltr'>tis</span> <span class='ocrx_word' id='word_1_134' title='bbox 159 1698 320 1772; x_wconf 87' lang='lat' dir='ltr'>mandatis,</span> <span class='ocrx_word' id='word_1_135' title='bbox 337 1701 458 1759; x_wconf 84' lang='lat' dir='ltr'>Aenum</span> <span class='ocrx_word' id='word_1_136' title='bbox 473 1699 531 1760; x_wconf 88' lang='lat' dir='ltr'>sibi</span> <span class='ocrx_word' id='word_1_137' title='bbox 547 1708 578 1760; x_wconf 89' lang='lat' dir='ltr'>et</span> <span class='ocrx_word' id='word_1_138' title='bbox 587 1699 762 1761; x_wconf 87' lang='lat' dir='ltr'>Maroneam</span> <span class='ocrx_word' id='word_1_139' title='bbox 774 1701 866 1776; x_wconf 89' lang='lat' dir='ltr'>petiit.</span> <span class='ocrx_word' id='word_1_140' title='bbox 889 1700 929 1760; x_wconf 88' lang='lat' dir='ltr'>ita</span> <span class='ocrx_word' id='word_1_141' title='bbox 940 1701 1084 1762; x_wconf 85' lang='lat' dir='ltr'>destituta</span> 
     </span>
     <span class='ocr_line' id='line_1_19' title="bbox 109 1783 1083 1859; baseline -0.002 -15"><span class='ocrx_word' id='word_1_142' title='bbox 109 1799 215 1846; x_wconf 91' lang='lat' dir='ltr'>eorum</span> <span class='ocrx_word' id='word_1_143' title='bbox 227 1783 359 1858; x_wconf 73' lang='lat' dir='ltr'>spequi</span> <span class='ocrx_word' id='word_1_144' title='bbox 371 1783 463 1842; x_wconf 82' lang='lat' dir='ltr'>fratre</span> <span class='ocrx_word' id='word_1_145' title='bbox 474 1790 619 1844; x_wconf 86' lang='lat' dir='ltr'>accusato</span> <span class='ocrx_word' id='word_1_146' title='bbox 631 1785 821 1859; x_wconf 90' lang='lat' dir='ltr'>partitionem</span> <span class='ocrx_word' id='word_1_147' title='bbox 828 1784 913 1858; x_wconf 85' lang='lat' dir='ltr'>regni</span> <span class='ocrx_word' id='word_1_148' title='bbox 921 1783 1083 1858; x_wconf 87' lang='lat' dir='ltr'>petiturum</span> 
     </span>
     <span class='ocr_line' id='line_1_20' title="bbox 109 1864 1087 1943; baseline -0.003 -15"><span class='ocrx_word' id='word_1_149' title='bbox 109 1867 312 1938; x_wconf 89' lang='lat' dir='ltr'>crediderant,</span> <span class='ocrx_word' id='word_1_150' title='bbox 328 1865 443 1926; x_wconf 87' lang='lat' dir='ltr'>curiam</span> <span class='ocrx_word' id='word_1_151' title='bbox 458 1865 601 1928; x_wconf 77' lang='lat' dir='ltr'>excessit</span> <span class='ocrx_word' id='word_1_152' title='bbox 623 1875 657 1929; x_wconf 86' lang='lat' dir='ltr'>ut</span> <span class='ocrx_word' id='word_1_153' title='bbox 670 1883 740 1928; x_wconf 91' lang='lat' dir='ltr'>raro</span> <span class='ocrx_word' id='word_1_154' title='bbox 755 1866 830 1927; x_wconf 88' lang='lat' dir='ltr'>alias</span> <span class='ocrx_word' id='word_1_155' title='bbox 848 1867 1012 1943; x_wconf 84' lang='lat' dir='ltr'>quisquam</span> <span class='ocrx_word' id='word_1_156' title='bbox 1028 1864 1087 1926; x_wconf 73' lang='lat' dir='ltr'>rex‘</span> 
     </span>
     <span class='ocr_line' id='line_1_21' title="bbox 108 1949 1084 2026; baseline 0 -16"><span class='ocrx_word' id='word_1_157' title='bbox 108 1956 162 2011; x_wconf 89' lang='lat' dir='ltr'>aut</span> <span class='ocrx_word' id='word_1_158' title='bbox 177 1949 328 2024; x_wconf 86' lang='lat' dir='ltr'>privatus,</span> <span class='ocrx_word' id='word_1_159' title='bbox 351 1950 555 2011; x_wconf 86' lang='lat' dir='ltr'>tantolavore</span> <span class='ocrx_word' id='word_1_160' title='bbox 569 1956 715 2026; x_wconf 85' lang='lat' dir='ltr'>tantoque</span> <span class='ocrx_word' id='word_1_161' title='bbox 737 1951 870 2012; x_wconf 92' lang='lat' dir='ltr'>omnium</span> <span class='ocrx_word' id='word_1_162' title='bbox 885 1951 1022 2012; x_wconf 87' lang='lat' dir='ltr'>adsensu</span> <span class='ocrx_word' id='word_1_163' title='bbox 1036 1956 1084 2010; x_wconf 90' lang='lat' dir='ltr'>est</span> 
     </span>
     <span class='ocr_line' id='line_1_22' title="bbox 109 2033 1084 2111; baseline 0.001 -18"><span class='ocrx_word' id='word_1_164' title='bbox 109 2033 247 2094; x_wconf 88' lang='lat' dir='ltr'>auditus:</span> <span class='ocrx_word' id='word_1_165' title='bbox 269 2033 409 2094; x_wconf 89' lang='lat' dir='ltr'>omnibus</span> <span class='ocrx_word' id='word_1_166' title='bbox 431 2033 600 2094; x_wconf 87' lang='lat' dir='ltr'>honoribus</span> <span class='ocrx_word' id='word_1_167' title='bbox 622 2033 859 2111; x_wconf 81' lang='lat' dir='ltr'>muneribusque</span> <span class='ocrx_word' id='word_1_168' title='bbox 881 2042 911 2094; x_wconf 93' lang='lat' dir='ltr'>et</span> <span class='ocrx_word' id='word_1_169' title='bbox 933 2050 1084 2108; x_wconf 88' lang='lat' dir='ltr'>praesens</span> 
     </span>
     <span class='ocr_line' id='line_1_23' title="bbox 109 2115 843 2192; baseline -0.004 -14"><span class='ocrx_word' id='word_1_170' title='bbox 109 2123 158 2178; x_wconf 92' lang='lat' dir='ltr'>est</span> <span class='ocrx_word' id='word_1_171' title='bbox 172 2119 271 2177; x_wconf 88' lang='lat' dir='ltr'>cultus</span> <span class='ocrx_word' id='word_1_172' title='bbox 286 2124 315 2177; x_wconf 90' lang='lat' dir='ltr'>et</span> <span class='ocrx_word' id='word_1_173' title='bbox 330 2115 577 2192; x_wconf 87' lang='lat' dir='ltr'>proticiscentem</span> <span class='ocrx_word' id='word_1_174' title='bbox 592 2118 747 2192; x_wconf 89' lang='lat' dir='ltr'>prosecuti</span> <span class='ocrx_word' id='word_1_175' title='bbox 762 2125 843 2179; x_wconf 89' lang='lat' dir='ltr'>sunt.</span> 
     </span>
    </p>

    <p class='ocr_par' dir='ltr' id='par_1_3' title="bbox 110 2197 1085 3528">
     <span class='ocr_line' id='line_1_24' title="bbox 193 2197 1083 2275; baseline 0 -15"><span class='ocrx_word' id='word_1_176' title='bbox 193 2202 273 2260; x_wconf 89' lang='lat' dir='ltr'>luter</span> <span class='ocrx_word' id='word_1_177' title='bbox 292 2203 402 2261; x_wconf 89' lang='lat' dir='ltr'>multas</span> <span class='ocrx_word' id='word_1_178' title='bbox 422 2201 517 2261; x_wconf 86' lang='lat' dir='ltr'>Asiae</span> <span class='ocrx_word' id='word_1_179' title='bbox 532 2201 740 2275; x_wconf 86' lang='lat' dir='ltr'>Graeciaeque</span> <span class='ocrx_word' id='word_1_180' title='bbox 759 2201 926 2275; x_wconf 78' lang='lat' dir='ltr'>legationes</span> <span class='ocrx_word' id='word_1_181' title='bbox 947 2197 1083 2260; x_wconf 89' lang='lat' dir='ltr'>Rhodio·</span> 
     </span>
     <span class='ocr_line' id='line_1_25' title="bbox 110 2282 1084 2360; baseline 0 -16"><span class='ocrx_word' id='word_1_182' title='bbox 110 2301 176 2344; x_wconf 91' lang='lat' dir='ltr'>rum</span> <span class='ocrx_word' id='word_1_183' title='bbox 187 2283 318 2344; x_wconf 88' lang='lat' dir='ltr'>maxime</span> <span class='ocrx_word' id='word_1_184' title='bbox 329 2282 419 2360; x_wconf 89' lang='lat' dir='ltr'>legati</span> <span class='ocrx_word' id='word_1_185' title='bbox 431 2283 580 2345; x_wconf 87' lang='lat' dir='ltr'>civitatem</span> <span class='ocrx_word' id='word_1_186' title='bbox 592 2290 815 2345; x_wconf 89' lang='lat' dir='ltr'>converterunt.</span> <span class='ocrx_word' id='word_1_187' title='bbox 829 2299 896 2342; x_wconf 89' lang='lat' dir='ltr'>nam</span> <span class='ocrx_word' id='word_1_188' title='bbox 906 2299 974 2342; x_wconf 88' lang='lat' dir='ltr'>cum</span> <span class='ocrx_word' id='word_1_189' title='bbox 984 2283 1084 2358; x_wconf 90' lang='lat' dir='ltr'>primo</span> 
     </span>
     <span class='ocr_line' id='line_1_26' title="bbox 110 2365 1081 2443; baseline 0 -17"><span class='ocrx_word' id='word_1_190' title='bbox 110 2368 139 2426; x_wconf 89' lang='lat' dir='ltr'>in</span> <span class='ocrx_word' id='word_1_191' title='bbox 153 2376 240 2428; x_wconf 88' lang='lat' dir='ltr'>veste</span> <span class='ocrx_word' id='word_1_192' title='bbox 254 2367 385 2427; x_wconf 88' lang='lat' dir='ltr'>candida</span> <span class='ocrx_word' id='word_1_193' title='bbox 397 2368 456 2428; x_wconf 87' lang='lat' dir='ltr'>visi</span> <span class='ocrx_word' id='word_1_194' title='bbox 471 2376 583 2440; x_wconf 89' lang='lat' dir='ltr'>essent,</span> <span class='ocrx_word' id='word_1_195' title='bbox 600 2367 684 2443; x_wconf 90' lang='lat' dir='ltr'>quod</span> <span class='ocrx_word' id='word_1_196' title='bbox 698 2373 730 2427; x_wconf 89' lang='lat' dir='ltr'>et</span> <span class='ocrx_word' id='word_1_197' title='bbox 742 2367 928 2441; x_wconf 85' lang='lat' dir='ltr'>gratulantes</span> <span class='ocrx_word' id='word_1_198' title='bbox 943 2365 1081 2438; x_wconf 87' lang='lat' dir='ltr'>decebat,</span> 
     </span>
     <span class='ocr_line' id='line_1_27' title="bbox 110 2449 1083 2525; baseline -0.003 -14"><span class='ocrx_word' id='word_1_199' title='bbox 110 2458 141 2511; x_wconf 92' lang='lat' dir='ltr'>et</span> <span class='ocrx_word' id='word_1_200' title='bbox 152 2450 179 2511; x_wconf 93' lang='lat' dir='ltr'>si</span> <span class='ocrx_word' id='word_1_201' title='bbox 190 2451 346 2512; x_wconf 83' lang='lat' dir='ltr'>sordidam</span> <span class='ocrx_word' id='word_1_202' title='bbox 358 2459 475 2512; x_wconf 88' lang='lat' dir='ltr'>vestem</span> <span class='ocrx_word' id='word_1_203' title='bbox 485 2451 674 2525; x_wconf 75' lang='lat' dir='ltr'>habuissent</span> <span class='ocrx_word' id='word_1_204' title='bbox 686 2450 851 2525; x_wconf 88' lang='lat' dir='ltr'>lugentium</span> <span class='ocrx_word' id='word_1_205' title='bbox 861 2449 966 2510; x_wconf 89' lang='lat' dir='ltr'>Persei</span> <span class='ocrx_word' id='word_1_206' title='bbox 977 2465 1083 2510; x_wconf 92' lang='lat' dir='ltr'>casum</span> 
     </span>
     <span class='ocr_line' id='line_1_28' title="bbox 111 2533 1085 2612; baseline 0 -18"><span class='ocrx_word' id='word_1_207' title='bbox 111 2534 259 2612; x_wconf 89' lang='lat' dir='ltr'>praebere</span> <span class='ocrx_word' id='word_1_208' title='bbox 269 2535 404 2609; x_wconf 91' lang='lat' dir='ltr'>speciem</span> <span class='ocrx_word' id='word_1_209' title='bbox 416 2542 564 2610; x_wconf 88' lang='lat' dir='ltr'>poterant,</span> <span class='ocrx_word' id='word_1_210' title='bbox 579 2541 743 2612; x_wconf 89' lang='lat' dir='ltr'>postquam</span> <span class='ocrx_word' id='word_1_211' title='bbox 755 2535 883 2595; x_wconf 88' lang='lat' dir='ltr'>consulti</span> <span class='ocrx_word' id='word_1_212' title='bbox 895 2533 933 2594; x_wconf 85' lang='lat' dir='ltr'>ab</span> <span class='ocrx_word' id='word_1_213' title='bbox 944 2534 984 2593; x_wconf 90' lang='grc' dir='ltr'>Μ.</span> <span class='ocrx_word' id='word_1_214' title='bbox 996 2533 1085 2594; x_wconf 90' lang='lat' dir='ltr'>Iunio</span> 
     </span>
     <span class='ocr_line' id='line_1_29' title="bbox 110 2616 1082 2693; baseline -0.001 -14"><span class='ocrx_word' id='word_1_215' title='bbox 110 2619 239 2679; x_wconf 89' lang='lat' dir='ltr'>consule</span> <span class='ocrx_word' id='word_1_216' title='bbox 254 2625 356 2693; x_wconf 89' lang='lat' dir='ltr'>patres</span> <span class='ocrx_word' id='word_1_217' title='bbox 372 2617 522 2679; x_wconf 89' lang='lat' dir='ltr'>stantibus</span> <span class='ocrx_word' id='word_1_218' title='bbox 536 2617 565 2678; x_wconf 94' lang='lat' dir='ltr'>in</span> <span class='ocrx_word' id='word_1_219' title='bbox 582 2618 702 2680; x_wconf 87' lang='lat' dir='ltr'>comitio</span> <span class='ocrx_word' id='word_1_220' title='bbox 718 2616 835 2693; x_wconf 86' lang='lat' dir='ltr'>legatis,</span> <span class='ocrx_word' id='word_1_221' title='bbox 850 2633 887 2677; x_wconf 90' lang='lat' dir='ltr'>an</span> <span class='ocrx_word' id='word_1_222' title='bbox 903 2617 1004 2678; x_wconf 83' lang='lat' dir='ltr'>locum</span> <span class='ocrx_word' id='word_1_223' title='bbox 1019 2619 1082 2678; x_wconf 89' lang='lat' dir='ltr'>lau·</span> 
     </span>
     <span class='ocr_line' id='line_1_30' title="bbox 110 2699 1083 2777; baseline -0.004 -15"><span class='ocrx_word' id='word_1_224' title='bbox 110 2703 151 2763; x_wconf 88' lang='lat' dir='ltr'>tia</span> <span class='ocrx_word' id='word_1_225' title='bbox 166 2706 367 2774; x_wconf 85' lang='lat' dir='ltr'>senatumque</span> <span class='ocrx_word' id='word_1_226' title='bbox 380 2701 496 2776; x_wconf 88' lang='lat' dir='ltr'>darent,</span> <span class='ocrx_word' id='word_1_227' title='bbox 511 2704 626 2762; x_wconf 89' lang='lat' dir='ltr'>nullum</span> <span class='ocrx_word' id='word_1_228' title='bbox 639 2702 790 2777; x_wconf 91' lang='lat' dir='ltr'>hospitale</span> <span class='ocrx_word' id='word_1_229' title='bbox 805 2702 852 2761; x_wconf 91' lang='lat' dir='ltr'>ius</span> <span class='ocrx_word' id='word_1_230' title='bbox 867 2702 897 2760; x_wconf 90' lang='lat' dir='ltr'>in</span> <span class='ocrx_word' id='word_1_231' title='bbox 909 2699 946 2760; x_wconf 90' lang='lat' dir='ltr'>iis</span> <span class='ocrx_word' id='word_1_232' title='bbox 958 2716 1083 2761; x_wconf 89' lang='lat' dir='ltr'>servan-</span> 
     </span>
     <span class='ocr_line' id='line_1_31' title="bbox 110 2783 1084 2858; baseline -0.004 -13"><span class='ocrx_word' id='word_1_233' title='bbox 110 2786 184 2845; x_wconf 92' lang='lat' dir='ltr'>dunr</span> <span class='ocrx_word' id='word_1_234' title='bbox 207 2790 404 2856; x_wconf 82' lang='lat' dir='ltr'>censuerunt,</span> <span class='ocrx_word' id='word_1_235' title='bbox 427 2799 574 2858; x_wconf 88' lang='lat' dir='ltr'>egressus</span> <span class='ocrx_word' id='word_1_236' title='bbox 596 2801 614 2846; x_wconf 90' lang='lat' dir='ltr'>e</span> <span class='ocrx_word' id='word_1_237' title='bbox 633 2786 716 2846; x_wconf 90' lang='lat' dir='ltr'>curia</span> <span class='ocrx_word' id='word_1_238' title='bbox 737 2785 859 2857; x_wconf 89' lang='lat' dir='ltr'>consul,</span> <span class='ocrx_word' id='word_1_239' title='bbox 883 2799 950 2843; x_wconf 90' lang='lat' dir='ltr'>cunr</span> <span class='ocrx_word' id='word_1_240' title='bbox 971 2783 1084 2844; x_wconf 88' lang='lat' dir='ltr'>Rhodii</span> 
     </span>
     <span class='ocr_line' id='line_1_32' title="bbox 110 2866 1084 2944; baseline -0.002 -16"><span class='ocrx_word' id='word_1_241' title='bbox 110 2867 293 2943; x_wconf 87' lang='lat' dir='ltr'>gratulatum</span> <span class='ocrx_word' id='word_1_242' title='bbox 313 2881 349 2926; x_wconf 90' lang='lat' dir='ltr'>se</span> <span class='ocrx_word' id='word_1_243' title='bbox 370 2866 409 2925; x_wconf 92' lang='lat' dir='ltr'>de</span> <span class='ocrx_word' id='word_1_244' title='bbox 427 2866 556 2927; x_wconf 87' lang='lat' dir='ltr'>victoria</span> <span class='ocrx_word' id='word_1_245' title='bbox 576 2876 799 2944; x_wconf 86' lang='lat' dir='ltr'>purgatumque</span> <span class='ocrx_word' id='word_1_246' title='bbox 813 2867 942 2928; x_wconf 87' lang='lat' dir='ltr'>civitatis</span> <span class='ocrx_word' id='word_1_247' title='bbox 959 2867 1084 2926; x_wconf 87' lang='lat' dir='ltr'>crimina</span> 
     </span>
     <span class='ocr_line' id='line_1_33' title="bbox 111 2947 1083 3026; baseline -0.001 -15"><span class='ocrx_word' id='word_1_248' title='bbox 111 2952 248 3012; x_wconf 86' lang='lat' dir='ltr'>dicentes</span> <span class='ocrx_word' id='word_1_249' title='bbox 264 2947 388 3010; x_wconf 87' lang='lat' dir='ltr'>venisse</span> <span class='ocrx_word' id='word_1_250' title='bbox 404 2949 567 3026; x_wconf 88' lang='lat' dir='ltr'>petissent,</span> <span class='ocrx_word' id='word_1_251' title='bbox 588 2959 620 3013; x_wconf 91' lang='lat' dir='ltr'>ut</span> <span class='ocrx_word' id='word_1_252' title='bbox 640 2958 765 3013; x_wconf 91' lang='lat' dir='ltr'>senatus</span> <span class='ocrx_word' id='word_1_253' title='bbox 780 2950 839 3012; x_wconf 91' lang='lat' dir='ltr'>sibi</span> <span class='ocrx_word' id='word_1_254' title='bbox 855 2950 992 3022; x_wconf 89' lang='lat' dir='ltr'>daretur,</span> <span class='ocrx_word' id='word_1_255' title='bbox 1013 2965 1083 3026; x_wconf 91' lang='lat' dir='ltr'>pro-</span> 
     </span>
     <span class='ocr_line' id='line_1_34' title="bbox 111 3033 1085 3110; baseline -0.001 -17"><span class='ocrx_word' id='word_1_256' title='bbox 111 3034 236 3107; x_wconf 88' lang='lat' dir='ltr'>nuntiat,</span> <span class='ocrx_word' id='word_1_257' title='bbox 259 3034 353 3095; x_wconf 89' lang='lat' dir='ltr'>sociis</span> <span class='ocrx_word' id='word_1_258' title='bbox 368 3039 399 3094; x_wconf 90' lang='lat' dir='ltr'>et</span> <span class='ocrx_word' id='word_1_259' title='bbox 413 3033 517 3094; x_wconf 85' lang='lat' dir='ltr'>amicis</span> <span class='ocrx_word' id='word_1_260' title='bbox 532 3041 562 3097; x_wconf 88' lang='lat' dir='ltr'>ct</span> <span class='ocrx_word' id='word_1_261' title='bbox 576 3035 635 3096; x_wconf 89' lang='lat' dir='ltr'>alia</span> <span class='ocrx_word' id='word_1_262' title='bbox 649 3035 775 3096; x_wconf 87' lang='lat' dir='ltr'>comiter</span> <span class='ocrx_word' id='word_1_263' title='bbox 788 3041 880 3108; x_wconf 87' lang='lat' dir='ltr'>atque</span> <span class='ocrx_word' id='word_1_264' title='bbox 894 3033 1085 3110; x_wconf 86' lang='lat' dir='ltr'>hospitaliter</span> 
     </span>
     <span class='ocr_line' id='line_1_35' title="bbox 111 3117 1084 3193; baseline 0 -17"><span class='ocrx_word' id='word_1_265' title='bbox 111 3123 270 3193; x_wconf 88' lang='lat' dir='ltr'>praestare</span> <span class='ocrx_word' id='word_1_266' title='bbox 282 3118 439 3182; x_wconf 81' lang='lat' dir='ltr'>Romanos</span> <span class='ocrx_word' id='word_1_267' title='bbox 453 3127 484 3179; x_wconf 89' lang='lat' dir='ltr'>ct</span> <span class='ocrx_word' id='word_1_268' title='bbox 498 3126 637 3180; x_wconf 87' lang='lat' dir='ltr'>senatum</span> <span class='ocrx_word' id='word_1_269' title='bbox 650 3119 724 3178; x_wconf 89' lang='lat' dir='ltr'>darc</span> <span class='ocrx_word' id='word_1_270' title='bbox 739 3132 923 3179; x_wconf 65' lang='lat' dir='ltr'>consuesset</span> <span class='ocrx_word' id='word_1_271' title='bbox 945 3117 1084 3179; x_wconf 87' lang='lat' dir='ltr'>Rhodios</span> 
     </span>
     <span class='ocr_line' id='line_1_36' title="bbox 110 3199 1083 3276; baseline -0.003 -15"><span class='ocrx_word' id='word_1_272' title='bbox 110 3217 172 3262; x_wconf 91' lang='lat' dir='ltr'>non</span> <span class='ocrx_word' id='word_1_273' title='bbox 189 3199 230 3260; x_wconf 87' lang='lat' dir='ltr'>ita</span> <span class='ocrx_word' id='word_1_274' title='bbox 247 3201 371 3263; x_wconf 87' lang='lat' dir='ltr'>meritos</span> <span class='ocrx_word' id='word_1_275' title='bbox 387 3217 424 3262; x_wconf 85' lang='lat' dir='ltr'>eo</span> <span class='ocrx_word' id='word_1_276' title='bbox 438 3201 535 3276; x_wconf 87' lang='lat' dir='ltr'>bello,</span> <span class='ocrx_word' id='word_1_277' title='bbox 556 3210 590 3263; x_wconf 91' lang='lat' dir='ltr'>ut</span> <span class='ocrx_word' id='word_1_278' title='bbox 607 3202 772 3263; x_wconf 86' lang='lat' dir='ltr'>amicorum</span> <span class='ocrx_word' id='word_1_279' title='bbox 788 3201 942 3263; x_wconf 88' lang='lat' dir='ltr'>sociorum</span> <span class='ocrx_word' id='word_1_280' title='bbox 956 3215 1083 3262; x_wconf 89' lang='lat' dir='ltr'>nurnero</span> 
     </span>
     <span class='ocr_line' id='line_1_37' title="bbox 110 3283 1082 3361; baseline -0.002 -19"><span class='ocrx_word' id='word_1_281' title='bbox 110 3283 244 3344; x_wconf 88' lang='lat' dir='ltr'>habendi</span> <span class='ocrx_word' id='word_1_282' title='bbox 264 3284 333 3345; x_wconf 90' lang='lat' dir='ltr'>sint.</span> <span class='ocrx_word' id='word_1_283' title='bbox 360 3283 408 3347; x_wconf 89' lang='lat' dir='ltr'>his</span> <span class='ocrx_word' id='word_1_284' title='bbox 429 3284 539 3346; x_wconf 89' lang='lat' dir='ltr'>auditis</span> <span class='ocrx_word' id='word_1_285' title='bbox 561 3291 792 3361; x_wconf 86' lang='lat' dir='ltr'>prostraverunt</span> <span class='ocrx_word' id='word_1_286' title='bbox 812 3300 847 3344; x_wconf 93' lang='lat' dir='ltr'>se</span> <span class='ocrx_word' id='word_1_287' title='bbox 869 3299 974 3346; x_wconf 90' lang='lat' dir='ltr'>omnes</span> <span class='ocrx_word' id='word_1_288' title='bbox 990 3283 1082 3356; x_wconf 92' lang='lat' dir='ltr'>humi,</span> 
     </span>
     <span class='ocr_line' id='line_1_38' title="bbox 110 3367 1084 3444; baseline -0.004 -16"><span class='ocrx_word' id='word_1_289' title='bbox 110 3367 334 3443; x_wconf 86' lang='lat' dir='ltr'>consulemque</span> <span class='ocrx_word' id='word_1_290' title='bbox 354 3376 384 3429; x_wconf 92' lang='lat' dir='ltr'>et</span> <span class='ocrx_word' id='word_1_291' title='bbox 406 3376 533 3429; x_wconf 88' lang='lat' dir='ltr'>cunctos</span> <span class='ocrx_word' id='word_1_292' title='bbox 555 3368 607 3444; x_wconf 91' lang='lat' dir='ltr'>qui</span> <span class='ocrx_word' id='word_1_293' title='bbox 629 3369 756 3430; x_wconf 86' lang='lat' dir='ltr'>aderant</span> <span class='ocrx_word' id='word_1_294' title='bbox 777 3375 916 3442; x_wconf 88' lang='lat' dir='ltr'>orantes,</span> <span class='ocrx_word' id='word_1_295' title='bbox 941 3382 980 3426; x_wconf 91' lang='lat' dir='ltr'>ne</span> <span class='ocrx_word' id='word_1_296' title='bbox 1002 3381 1084 3426; x_wconf 88' lang='lat' dir='ltr'>nova</span> 
     </span>
     <span class='ocr_line' id='line_1_39' title="bbox 110 3451 1085 3528; baseline -0.003 -18"><span class='ocrx_word' id='word_1_297' title='bbox 110 3451 251 3526; x_wconf 78' lang='lat' dir='ltr'>falsaque</span> <span class='ocrx_word' id='word_1_298' title='bbox 273 3451 399 3512; x_wconf 86' lang='lat' dir='ltr'>crimina</span> <span class='ocrx_word' id='word_1_299' title='bbox 420 3451 489 3526; x_wconf 87' lang='lat' dir='ltr'>plus</span> <span class='ocrx_word' id='word_1_300' title='bbox 505 3451 617 3513; x_wconf 89' lang='lat' dir='ltr'>obesse</span> <span class='ocrx_word' id='word_1_301' title='bbox 632 3451 760 3512; x_wconf 87' lang='lat' dir='ltr'>Rhodiis</span> <span class='ocrx_word' id='word_1_302' title='bbox 775 3467 907 3528; x_wconf 86' lang='lat' dir='ltr'>aequum</span> <span class='ocrx_word' id='word_1_303' title='bbox 923 3453 1085 3510; x_wconf 88' lang='lat' dir='ltr'>censerent</span> 
     </span>
    </p>
   </div>
   <div class='ocr_carea' id='block_1_3' title="bbox 0 0 1294 3952">
    <p class='ocr_par' dir='ltr' id='par_1_4' title="bbox 0 0 1294 3952">
     <span class='ocr_line' id='line_1_40' title="bbox 0 0 1294 3952; baseline 0 0"><span class='ocrx_word' id='word_1_304' title='bbox 0 0 1294 3952; x_wconf 95' lang='lat' dir='ltr'> </span> 
     </span>
    </p>
   </div>
  </div>
 </body>
</html>
