2574 3954
307 189 421 252 urana
435 190 539 252 nuru
563 191 646 252 oar.
657 199 758 255 41:42.
780 193 817 274 [a.
828 197 941 273 cum]
1045 195 1109 260 aco

117 375 121 386 κ·
127 344 346 418 minabatur,
361 345 619 420 pepuleruntque
633 347 877 410 laevumcornn.
895 349 930 409 in
944 350 1108 413 mediose·

118 431 233 492 'cunda
248 428 333 504 legio
346 423 494 490 'immissa
513 427 678 505 dissiparit
690 429 891 508 phalangem.
915 445 1022 510 neque
1035 437 1108 497 ’ulla

118 512 300 574 laurentian
312 519 417 573 ‘causa
429 511 575 574 uacuae
591 511 655 586 ibit,
680 525 771 590 quam
783 515 977 592 marullo
991 519 1109 594 passim

117 596 248 674 ”proebe
256 603 363 669 eraut,
379 593 975 676 'qnaeflnctuantemtnrbsrumrpumq
995 602 1109 664 deinde

129 681 317 743 disiecerunt
329 679 522 756 phalangem,
538 678 626 742 cuius
636 682 967 746 rconbeatae<etlutantis
981 684 1108 746 horren·

117 765 168 826 “tis
182 764 280 826 hastis
292 762 699 828 'intolerabilesuhessnna
717 766 887 843 sicatptltn
897 769 1106 844 adgrediendo

127 849 337 924 circumagere
356 847 541 910 immobilem
550 849 750 924 'slongltutline
767 851 969 926 atanaricum
985 850 1108 914 hurum

127 947 240 1008 cogas,
263 932 393 996 'caumata
417 937 501 994 strue
511 930 729 1012 implicantur:
755 933 871 996 sivero
892 942 946 997 aut
959 935 1108 999 ab'latere

126 1024 181 1078 aut
194 1016 334 1091 tlb‘tergo
350 1015 465 1093 aliquid
473 1016 625 1078 'tumultus
640 1016 800 1094 increpuit,
810 1019 922 1080 murae
932 1017 1106 1082 modo'tur·

118 1101 246 1174 bantur,
260 1099 343 1160 sicut
356 1107 419 1162 tum
433 1099 585 1161 aduersus
599 1101 776 1164 ‘catenatim
784 1101 984 1166 incurrentes
995 1103 1106 1164 liuma-

126 1199 196 1256 nos,
213 1190 243 1244 et
253 1184 421 1260 manupae
429 1183 622 1244 multifariam
632 1185 709 1261 acle,
721 1185 901 1248 obunmtlre
909 1187 1106 1264 cogebantur.

103 1297 105 1300 ·
126 1273 160 1328 et
172 1267 310 1343 Romani,
327 1275 521 1346 quacumque
533 1266 896 1345 datalntervallaessent,
907 1269 1107 1332 insinuabant

123 1351 254 1413 ordines
275 1367 361 1414 suos.
384 1350 440 1428 ‘qui
460 1351 487 1412 si
507 1349 652 1412 universo
671 1353 738 1412 acle
752 1350 1106 1432 -injlrontcmadvcnsus

123 1433 304 1498 insinuatam
317 1433 501 1514 pbalangem
512 1435 757 1509 concurrissent,
771 1433 1010 1514 qundcellgnls
1024 1436 1105 1512 prin·

125 1519 209 1596 cipio
230 1533 354 1596 pugnae
367 1519 494 1581 incaute
511 1520 688 1595 congressis
698 1519 854 1583 adversus
863 1527 1106 1583 *caecatoseve-

125 1605 178 1676 nit,
191 1604 411 1667 induissentse
420 1602 518 1665 hastis
529 1616 587 1664 nec
599 1604 1105 1668 conlertaulaciemsustinulssent

124 1687 215 1748 xull.
238 1693 372 1749 ceterum
393 1687 473 1748 sicut
486 1689 621 1763 peditum
635 1689 752 1765 passim
764 1689 881 1750 caedes
895 1689 1023 1762 fiebant,
1046 1687 1106 1749 nisi

126 1770 181 1847 qui
194 1769 328 1832 abiectis
347 1770 442 1832 armis
457 1772 613 1848 ingerunt,
628 1771 680 1833 -eic
694 1772 852 1847 equitanus
873 1787 974 1848 prope
988 1773 1106 1847 integer

127 1867 235 1930 pugna
249 1855 393 1916 excessit.
405 1856 554 1932 princeps
566 1855 884 1932 iugaerex'ipseerat.
899 1856 958 1918 iarn
970 1872 988 1916 a
998 1855 1106 1932 Pydna

126 1953 196 1998 cum
217 1937 313 2000 sacris
335 1939 392 2000 alis
405 1939 549 2014 equitum
569 1938 681 2000 Pellam
703 1938 843 2016 petebam
863 1939 1028 2002 *confestim
1049 1953 1105 1999 ecs

125 2021 221 2100 Cotys
237 2023 425 2098 sequebatur
441 2021 694 2101 Odrysarumque
707 2024 871 2098 equitatus.
891 2030 1014 2084 *caerae
1029 2039 1106 2098 quo·

126 2121 187 2182 que
200 2105 405 2169 Macedonum
419 2107 486 2167 alae
501 2107 627 2180 integris
643 2106 767 2167 abibant
779 2107 950 2181 ordinibus,
971 2107 1047 2182 quia
1061 2107 1105 2164 in·

123 2191 251 2250 teriecta
263 2191 401 2266 peditum
416 2191 510 2265 acies,
525 2191 612 2251 cuius
629 2189 742 2250 caedes
758 2189 890 2250 victores
905 2190 1035 2264 tenebat,
1050 2190 1104 2248 im·

123 2289 277 2335 memores
292 2275 407 2335 iecerat
427 2274 580 2348 sequendi
594 2273 724 2348 equites.
740 2272 799 2333 ⁴diu
814 2272 949 2348 phalanx
961 2288 982 2332 a
997 2273 1105 2346 fronte,

121 2373 143 2416 a
156 2357 312 2432 lateribus,
333 2358 372 2418 ab
385 2365 472 2434 tergo
485 2371 582 2419 'caesa
596 2365 652 2418 est.
676 2363 833 2432 postremo
851 2357 903 2433 qui
917 2371 957 2416 ex
971 2353 1105 2417 hostium

122 2440 263 2502 manibus
279 2442 377 2517 elapsi
392 2450 486 2518 eraut,
502 2444 635 2502 inermes
649 2441 692 2502 ad
705 2453 790 2502 mare
805 2441 965 2516 lugientcs,
982 2439 1106 2515 quidam

123 2540 236 2600 aquam
257 2525 348 2586 etiarn
369 2523 516 2600 ingressi,
538 2541 648 2587 manus
663 2525 703 2585 ad
720 2540 775 2586 eos
791 2524 889 2600 quirin
906 2525 1007 2585 classe
1018 2530 1106 2584 crunt

122 2608 294 2681 tendentes,
309 2607 489 2683 suppliciter
499 2609 591 2668 utam
602 2609 740 2670 orabant.
763 2607 1019 2684 etcum-scaphas
1032 2623 1104 2668 con-

123 2704 248 2751 currere
267 2690 406 2766 undique
427 2691 465 2750 ab
492 2691 622 2752 navibus
644 2697 817 2767 cernerent,
842 2692 882 2751 ad
904 2690 1104 2766 excipiendos

122 2787 195 2835 sese
210 2773 315 2833 venne
328 2771 395 2848 rati,
411 2780 444 2833 ut
459 2782 605 2850 caperent
616 2774 718 2848 potius
732 2773 1023 2848 'quam‘occiderent
1039 2775 1104 2833 lon·

121 2855 246 2932 giusta
265 2871 395 2933 aquam,
416 2855 541 2932 quidam
560 2857 652 2917 etiarn
668 2862 825 2930 natantes,
848 2854 1009 2932 progressi
1024 2861 1103 2936 sunt.

123 2942 181 3001 sed
202 2956 271 3002 cum
286 2941 436 3002 hostiliter
451 2957 469 3001 e
483 2941 609 3017 scaphis
624 2941 834 3014 caederentur,
852 2945 934 3000 retro
951 2938 1002 3014 qui
1017 2947 1104 3016 pote—

121 3032 190 3086 rant
210 3027 312 3086 nando
334 3032 512 3102 repetentes
524 3032 635 3087 terram
650 3025 680 3084 in
696 3024 786 3084 aliam
801 3021 970 3085 loediorem
985 3031 1104 3100 pestem

121 3109 312 3170 incidebant:
342 3110 495 3186 elephanti
519 3110 599 3171 enirn
619 3109 658 3169 ab
680 3106 852 3168 rectoribus
873 3108 914 3167 ad
939 3109 1021 3168 littus
1045 3108 1104 3168 acti

121 3198 272 3253 exeuntes
305 3194 485 3256 obterebant
515 3193 740 3268 elidebantque.
780 3193 870 3252 facile
902 3191 1105 3252 conveniebat

120 3275 269 3336 Romanis
291 3293 457 3352 numquam
483 3295 546 3339 una
567 3277 632 3337 acie
652 3283 768 3338 tantum
787 3274 991 3336 Macedonum
1011 3274 1103 3333 inter·

121 3358 244 3420 lectum.
264 3375 356 3420 caesa
369 3359 450 3421 euim
464 3361 504 3421 ad
518 3357 624 3436 viginti
639 3360 721 3419 milia
731 3357 978 3430 hominumsunt,
995 3355 1034 3414 ad
1046 3371 1103 3414 sex

121 3438 212 3516 milia,
229 3443 282 3518 qui
296 3441 435 3522 Pydnam
451 3459 490 3504 ex
502 3442 568 3503 acie
580 3444 785 3518 perfugerant,
802 3441 863 3501 vivi
874 3441 906 3499 in
918 3441 1103 3514 potestatem
