2598 3956
293 223 409 283 LIBER
420 224 480 283 XL.
508 223 748 287 CAP.47·48.49
772 231 928 300 [ec-179]
1046 229 1090 292 95

106 377 205 438 visere
219 375 322 448 velint,
336 373 544 451 quo'certiore
558 375 598 434 ad
613 391 689 436 suos
702 377 844 452 referant,
858 386 1041 453 potestatem
1053 399 1091 443 se

106 462 150 522 cis
165 461 316 520 facturum
329 473 411 520 esse.
438 458 622 534 tribunoque
636 459 761 521 militurn
776 461 918 536 imperat,
940 472 974 524 ut
988 469 1090 526 ornari

106 559 212 608 omnes
237 541 344 618 copies
368 542 503 618 peditum
528 542 726 618 equitumque
746 551 776 602 et
796 545 961 608 decurrere
985 549 1090 610 iubeat

106 635 246 689 ermolas.
270 625 381 687 abhoc
397 627 574 701 spectaculo
587 628 677 701 legati
689 627 776 688 missi
788 629 1000 692 deterruerunt
1011 650 1090 694 suos

106 713 144 774 ab
154 709 268 772 auxilio
282 709 506 770 circumsessae
515 710 583 770 urbi
596 711 732 771 terendo.
756 712 904 787 oppidani
917 730 985 774 curn
998 718 1087 791 ignes

105 801 195 857 nocte
213 809 230 853 e
249 793 383 855 turribus
406 793 607 868 nequiquam,
638 793 723 870 quod
749 794 870 870 signum
892 807 1087 872 convenerat,

106 877 318 952 sustulissent,
341 877 475 938 destituti
496 879 535 938 eb
558 878 651 939 unica
664 892 722 954 spe
736 880 841 940 auxilii
855 881 884 940 in
902 881 1088 944 deditionem

105 968 261 1024 venerunt.
285 961 459 1022 sestertium
473 968 580 1037 quater
596 969 625 1023 et
636 960 754 1023 viciens
769 964 808 1024 ab
823 964 860 1025 iis
876 972 925 1025 est
937 975 1089 1042 exactum,

106 1043 308 1124 quadraginta
328 1043 508 1105 nobilissimi
523 1046 658 1120 equitem
682 1062 740 1106 nec
756 1048 897 1109 obsidum
914 1051 1090 1110 nomine-

105 1148 175 1192 nom
200 1127 329 1190 militare
348 1129 424 1189 iussi
445 1137 582 1204 sunt—,
605 1136 756 1192 ettamen
777 1147 811 1191 rc
832 1132 902 1208 ipsa
922 1141 956 1194 ut
977 1134 1089 1211 pignus

105 1216 177 1276 lidei
192 1219 305 1274 essent.

184 1295 321 1358 'XLVlll
344 1295 418 1355 Inde
432 1296 493 1356 iam
509 1297 596 1357 duxit
610 1297 651 1357 ed
664 1298 761 1357 Alcen
776 1298 898 1372 urbem,
921 1301 973 1360 ubi
988 1309 1087 1363 castra

107 1382 324 1444 Celtiberorum
346 1387 446 1454 erent,
468 1396 487 1440 a
503 1379 615 1456 quibus
635 1387 783 1441 venerunt
797 1397 896 1457 nuper
910 1383 1010 1459 legati.
1033 1401 1087 1446 eos

107 1483 176 1528 cum
191 1481 247 1541 per
258 1465 374 1540 aliquot
386 1463 461 1538 dies,
477 1470 661 1524 armaturam
672 1465 771 1524 levem
784 1463 972 1528 immittendo
984 1468 1013 1527 in
1028 1475 1087 1529 sta-

105 1552 221 1624 tiones,
243 1547 422 1610 lacessisset
443 1549 547 1622 pervis
569 1545 711 1624 proeliis,
731 1547 762 1609 in
778 1549 845 1610 dies
859 1549 976 1613 maiora
989 1560 1088 1615 certa·

106 1637 186 1696 mina
213 1633 350 1706 serebat,
375 1638 409 1692 ut
430 1647 536 1694 omnes
558 1639 645 1694 extra
665 1631 851 1694 munitiones
872 1633 1003 1696 eliceret.
1038 1635 1089 1696 ubi

107 1719 189 1795 quod
206 1716 365 1792 petebatur
379 1717 476 1777 sensit
489 1716 641 1791 effectum,
659 1716 841 1778 auxiliorum
855 1720 1019 1793 praelectis
1033 1719 1088 1780 im-

105 1809 200 1879 perat,
215 1808 249 1862 ut
263 1806 417 1861 contracto
434 1801 606 1874 certamine,
624 1807 778 1877 tamquam
793 1802 983 1864 multitudine
995 1819 1088 1878 supe-

104 1892 257 1956 rarentur,
279 1889 406 1960 repente
428 1884 522 1960 tergis
544 1885 623 1946 detis
638 1884 684 1955 Ιιιι
706 1890 806 1946 cestra
820 1883 919 1946 effuse
934 1886 1088 1962 lugerent=

105 1973 175 2046 ipsc
189 1968 268 2030 intra
280 1970 395 2029 vallum
411 1967 451 2027 od
466 1984 573 2031 omnes
587 1976 693 2046 portas
708 1968 851 2031 instruxit
866 1971 984 2046 copias.
1005 1970 1089 2032 haud

105 2055 230 2115 multum
245 2053 391 2128 temporis
406 2052 593 2126 intercessit,
610 2069 680 2115 cum
694 2068 734 2113 ex
749 2055 920 2131 composito
935 2055 1088 2132 refugien-

105 2139 178 2198 tium
194 2151 321 2198 suorum
336 2151 453 2212 agmen,
470 2142 542 2211 post
556 2136 656 2198 effuse
670 2144 836 2210 sequentes
851 2139 1001 2200 barbaros
1016 2154 1087 2200 con-

106 2222 217 2299 spexit.
250 2222 429 2282 instructum
454 2220 574 2281 adhoc
598 2221 699 2296 ipsum
724 2220 802 2280 intre
822 2221 934 2282 vallum
954 2222 1088 2282 habebat

106 2305 212 2366 aciem.
228 2305 343 2384 ⁸itaque
356 2309 473 2364 tuntum
487 2311 631 2379 moratus,
647 2312 681 2365 ut
694 2319 769 2364 suos
784 2305 927 2380 refugere
941 2304 971 2366 in
988 2313 1089 2366 castra

104 2389 201 2451 libero
214 2387 337 2450 introitu
348 2386 470 2461 sineret,
484 2388 617 2448 clamore
628 2387 750 2450 sublato
762 2389 852 2450 simul
863 2388 1005 2450 omnibus
1016 2405 1088 2464 por·

103 2471 144 2534 tis
159 2473 268 2549 erupit.
284 2470 286 2474 ’
300 2487 362 2532 non
383 2473 558 2534 sustinuere
578 2473 723 2550 impetum
740 2473 956 2549 necopinatum
970 2474 1089 2534 hostes.

106 2556 158 2632 qui
174 2557 214 2617 ιιι
230 2563 330 2618 castre
347 2558 555 2632 oppugnanda
569 2564 730 2633 venerant,
746 2573 785 2618 ne
800 2573 858 2619 sue
872 2557 996 2633 quidem
1011 2556 1089 2618 tueri

105 2647 285 2716 potuerunt=
313 2656 384 2700 nam
404 2642 558 2715 extemplo
578 2641 638 2701 lusi
661 2641 770 2717 togati,
792 2657 865 2704 mox
882 2643 960 2703 intra
975 2641 1089 2702 vellum

103 2731 254 2802 paventes
270 2725 431 2802 compulsi,
447 2732 604 2800 postremo
617 2731 769 2785 exuuntur
782 2725 900 2787 cestris.
922 2739 960 2786 eo
972 2725 1022 2788 die
1033 2739 1088 2784 no-

103 2825 174 2869 vem
189 2808 270 2870 milia
284 2808 417 2870 hostium
432 2823 541 2878 oseem
564 2808 644 2883 capti
658 2807 719 2868 vivi
733 2808 859 2869 trecenti
874 2807 994 2884 viginti,
1017 2807 1088 2882 equi

105 2901 225 2954 centum
241 2893 413 2967 duodecim,
429 2891 522 2967 'signu
535 2891 674 2952 militaria
687 2889 810 2968 triginta
824 2898 952 2968 septem.
981 2891 1020 2951 de
1034 2905 1087 2950 ex-

104 2975 202 3038 ercitu
215 2977 354 3039 Romano
369 2983 489 3038 centum
505 2991 616 3038 novem
631 2976 815 3037 ceciderunt.

187 3060 289 3121 XLIX.
310 3061 360 3122 Ab
379 3060 440 3123 hoc
461 3061 579 3136 proelio
602 3059 759 3122 Gracchus
780 3060 867 3121 duxit
886 3060 926 3121 ιιι
947 3061 1087 3136 depopu-

103 3145 229 3205 landum
242 3144 430 3207 Celtiberiam
444 3143 592 3222 legiones.
616 3151 647 3205 et
661 3160 730 3206 cum
746 3145 840 3205 terret
849 3144 965 3220 passim
978 3151 1088 3205 cuncta

104 3235 199 3304 atque
214 3235 325 3304 ageret,
349 3229 518 3306 populique
531 3228 582 3290 alil
594 3229 751 3291 voluntate
766 3225 817 3288 olii
827 3237 910 3291 metu
920 3227 1024 3303 iugum
1037 3242 1086 3285 acn

104 3313 251 3389 ciperent,
267 3319 388 3373 centum
402 3314 459 3373 trie
474 3313 588 3389 oppida
602 3313 681 3374 intre
696 3327 815 3388 paucos
830 3309 942 3374 diesin
957 3308 1086 3371 deditio·

104 3412 174 3458 nem
195 3396 329 3472 accepit,
351 3397 467 3471 praeda
488 3398 602 3473 potitus
622 3396 735 3472 ingenti
756 3403 813 3457 est.
846 3394 994 3457 convertit
1014 3391 1086 3452 inde

104 3495 213 3556 agmen
228 3488 325 3556 retro,
342 3479 426 3541 unde
440 3487 580 3556 venenet,
601 3481 641 3541 ed
655 3481 768 3552 Alcen,
790 3485 883 3555 atque
897 3491 963 3540 eum
978 3473 1086 3538 urbem
