2598 3956
192 181 254 244 rao
352 182 466 243 niune
481 181 569 244 xuu.
593 183 674 254 one.
690 192 790 256 narn.
812 189 849 260 n,
863 189 1006 256 onem]

191 332 334 408 bendam,
351 332 482 393 uictimis
497 331 664 396 maioribus
680 332 918 397 sacrificandum
931 340 962 402 et
975 333 1006 392 iu
1022 332 1170 410 Capitolio

192 417 309 494 Romae
322 423 352 487 et
367 417 396 476 in
412 415 577 492 Campania
591 417 630 479 ad
641 415 796 486 Minervae
808 415 1049 501 promontorium
1059 433 1169 480 renun-

192 499 319 572 tiarunt;
342 499 432 562 ludos
448 517 504 584 per
518 500 625 572 decem
639 497 706 566 <lies
723 500 787 576 lovi
799 501 914 576 optimo
926 501 1060 564 maximo
1072 503 1169 578 primo

192 599 317 660 quoquc
338 583 388 645 die
409 584 576 654 iaciendas.
604 600 643 644 ea
662 584 764 649 omnia
785 599 853 646 oum
868 599 943 648 cura
962 586 1053 648 factu.
1078 584 1169 648 baru-

193 669 296 744 spioes
312 667 342 732 in
357 667 472 740 bonnm
486 683 648 732 uersurum
664 667 694 727 id
710 666 891 748 prodigium,
907 669 1170 752 prolationemque

190 751 296 820 finium
322 757 354 836 et
372 751 523 816 interitum
544 751 743 828 perduellium
764 750 905 830 portendi
933 753 1168 833 responderunt,

192 835 275 918 quod
287 850 327 896 ex
337 835 479 899 hostibus
491 837 592 912 spolia
604 835 734 900 fuissent
745 850 782 896 ca
792 842 902 914 rostra,
916 843 1168 914 quaetempestns

190 919 373 980 disiecisset.
394 926 593 982 accesserunt
613 935 694 994 quae
712 917 901 984 cumularent
920 919 1084 999 religiones
1105 922 1168 982 aui-

189 1003 257 1063 mis.
286 989 445 1085 Saturnine
467 1003 634 1066 nuntiatum
654 1011 720 1066 erat
739 1004 888 1080 sangnine
910 1001 1117 1080 pertriduum
1138 1005 1169 1064 in

190 1085 306 1164 oppido
328 1085 484 1166 pluvisse;
519 1085 650 1152 Calatiae
671 1086 792 1146 asinum
817 1087 967 1162 tripedem
993 1094 1110 1162 natum,
1139 1097 1169 1149 et

189 1177 309 1232 taurum
323 1185 393 1230 cum
407 1170 542 1246 quinque
553 1170 656 1231 vaccis
669 1186 730 1230 uno
742 1170 804 1234 ictu
816 1171 948 1234 fulminis
960 1173 1168 1242 exanimatos,

189 1252 312 1316 Auximi
326 1261 407 1316 terra
423 1255 569 1331 pluvisse.
589 1253 699 1320 borum
714 1271 839 1335 quoque
850 1253 1061 1330 prodigiorum
1072 1271 1168 1318 causa

189 1353 240 1400 res
261 1338 384 1400 divinae
405 1337 503 1400 factae
526 1345 557 1399 et
576 1338 758 1416 supplicatio
788 1355 882 1402 uuum
902 1339 983 1401 diem
1010 1339 1167 1416 feriaeque

189 1422 320 1484 habitae.

273 1503 350 1568 XXI.
374 1505 523 1570 Consules
545 1505 585 1566 ad
604 1506 636 1566 id
651 1513 772 1584 tempus
788 1507 817 1568 in
835 1505 1023 1583 provinciam
1038 1523 1098 1568 non
1114 1523 1166 1568 ex·

190 1589 296 1661 ierant,
312 1587 384 1664 quia
400 1604 501 1664 neque
516 1589 557 1649 uti
572 1587 611 1648 de
621 1587 661 1648 Μ.
674 1589 802 1668 Popillio
819 1592 968 1658 referrent
982 1592 1101 1655 senatui
1113 1591 1166 1652 ob·

189 1671 412 1748 sequebantur,
434 1681 465 1736 et
479 1672 551 1734 nihil
566 1672 648 1742 aliud
664 1673 831 1740 decernere
852 1675 938 1750 prius
953 1680 1098 1736 statutum
1114 1692 1166 1752 pa·

189 1756 286 1817 tribus
307 1764 380 1817 erat
410 1762 499 1817 aucta
519 1755 608 1818 etiam
630 1755 743 1820 invidia
763 1766 811 1820 est
829 1756 948 1836 Popillii
969 1758 1075 1820 litteris
1090 1760 1166 1832 elue,

190 1840 301 1917 quibus
314 1839 420 1902 iterum
432 1855 501 1901 cum
513 1839 645 1906 Statellis
656 1841 818 1917 Liguribus
830 1845 998 1918 proconsul
1010 1858 1167 1918 pugnasse

189 1939 224 1987 se
244 1923 370 2001 scripsit
387 1940 424 1986 ao
444 1940 501 1988 sex
520 1922 603 1988 milia
622 1941 728 1987 eorum
744 1925 915 1997 occidisse;
938 1935 1064 2003 propter
1078 1925 1165 1987 cuins

188 2006 329 2070 iniuriam
353 2005 426 2070 belli
450 2008 542 2088 ceteri
568 2009 866 2087 quoque'ngurum
890 2011 997 2089 populi
1018 2010 1056 2071 ad
1080 2026 1168 2070 arma

188 2092 296 2154 ierunt.
318 2100 381 2160 tum
394 2109 469 2154 vero
485 2109 547 2156 non
564 2089 681 2162 absens,
694 2093 786 2160 modo
801 2093 963 2172 Popillius,
986 2094 1038 2170 qui
1054 2093 1165 2162 ded-itis

189 2177 358 2240 contraius
373 2191 409 2238 ac
424 2178 472 2239 fas
486 2177 598 2241 bellum
613 2177 764 2243 intulisset
777 2187 808 2240 et
819 2185 946 2255 pacatos
958 2178 998 2238 cd
1008 2177 1164 2240 rebellium

187 2260 355 2336 incitasset,
372 2258 427 2324 sed
443 2263 598 2338 consules,
612 2263 695 2338 quod
711 2280 770 2324 non
787 2263 905 2324 exirent
919 2263 948 2322 in
965 2262 1164 2338 provinciam,

186 2344 343 2424 insenum
359 2344 508 2421 increpiti.
530 2346 589 2406 hoo
604 2363 758 2412 consensu
770 2356 890 2422 patrum
902 2345 1024 2408 accensi
1034 2345 1074 2408 Μ.
1086 2345 1164 2408 Mar-

187 2429 254 2489 cius
269 2428 377 2490 Sermo
399 2435 429 2488 et
444 2423 477 2504 Q.
492 2427 625 2490 Marcius
642 2429 748 2510 Scylla
768 2429 876 2495 tribuni
892 2431 990 2508 plebis
1009 2439 1039 2491 et
1053 2446 1163 2492 consu-

187 2511 267 2572 libus
283 2513 406 2586 multam
421 2528 456 2575 se
471 2513 623 2587 diuturne,
641 2511 698 2576 nisi
714 2515 743 2577 iu
759 2515 948 2592 provinciam
963 2514 1090 2588 exirent,
1112 2514 1164 2574 de·

187 2595 377 2666 nuntiarunt,
403 2605 433 2660 et
456 2597 660 2680 rogationem,
689 2599 842 2676 quamde
866 2597 1028 2674 Liguribus
1053 2598 1164 2660 deditis

186 2681 381 2756 promulgare
397 2679 426 2738 in
443 2678 543 2744 animo
559 2679 713 2757 haberent,
728 2683 758 2745 in
773 2689 883 2747 ¹senatu
900 2675 1072 2746 recitarunt.
1094 2698 1164 2744 san·

188 2763 334 2838 ciebantur,
350 2772 383 2824 ut
395 2763 448 2840 qui
464 2780 504 2828 ex
515 2764 648 2828 Statellis
660 2765 771 2831 deditis
785 2768 815 2826 in
827 2766 996 2832 libertatem
1006 2769 1163 2829 restitutus

186 2854 256 2909 ante
272 2847 340 2908 Kal.
357 2845 488 2912 Sextiles
509 2850 623 2924 primns
645 2866 705 2912 non
727 2857 826 2923 esset,
848 2850 934 2934 cuius
949 2849 1021 2916 dolo
1041 2851 1121 2911 malo
1136 2850 1162 2909 is

185 2933 215 2992 in
233 2933 409 2996 servitutem
422 2933 567 3007 venisset,
589 2941 623 2994 ut
635 2934 751 3001 iuratus
767 2931 892 3000 senatus
908 2935 1094 3008 decerneret,
1110 2934 1163 3008 qui

184 3031 253 3076 eam
267 3031 330 3076 rem
346 3023 507 3092 anaeneret
521 3016 847 3094 animadverteretque.
870 3033 908 3080 ex
920 3017 1098 3083 auctoritate
1110 3018 1162 3078 de·

185 3099 256 3160 inde
277 3106 402 3168 senatos
423 3114 491 3163 cam
512 3101 701 3175 rogationem
724 3101 960 3178 promulgarunt.
983 3102 1163 3182 priusquam

184 3181 455 3264 &addiscerentur
465 3181 619 3260 consules,
633 3185 663 3245 C.
676 3185 810 3250 cicerem
823 3186 957 3264 praetori
968 3186 1080 3262 prioris
1092 3186 1163 3246 anni

184 3267 225 3328 ad
246 3265 354 3328 aedem
368 3267 515 3332 Bellonae
536 3276 662 3335 senalus
684 3269 773 3338 datus
795 3279 851 3332 est.
874 3268 901 3333 is
917 3267 1067 3346 expositis
1083 3285 1161 3346 quas

182 3351 214 3410 in
231 3349 355 3418 Corsico
367 3366 418 3418 res
434 3351 594 3428 gessisset,
605 3353 822 3432 postulatoque
836 3353 949 3418 frustra
962 3352 1113 3429 triumpho
1129 3351 1160 3412 in

183 3444 286 3500 monte
297 3435 426 3512 Albano,
440 3436 522 3511 quod
535 3435 593 3498 iem
605 3438 634 3498 in
646 3452 760 3498 morem
772 3445 906 3513 venerat,
917 3443 949 3498 nt
960 3436 1027 3498 sine
1037 3436 1161 3514 publica

1284 771 1297 1186 l

1289 1199 1296 1439 t

1286 1463 1296 1617 g

1284 1624 1298 1842 ¹,

1291 1915 1298 2012 l
