2570 3952
405 721 753 805 iniurium.

504 920 644 928 m...

96 1059 128 1150 lu
144 1100 248 1150 edendis
261 1099 289 1150 T.
302 1099 369 1149 Livii
384 1099 532 1165 fragmentis
551 1116 606 1150 eam
624 1103 745 1150 rationem
763 1110 863 1150 secutus
875 1117 940 1161 sum,
959 1111 986 1152 ut
999 1119 1070 1170 repe-

96 1169 169 1217 tenda
187 1183 301 1218 curarem
319 1183 362 1228 ea,
381 1184 446 1231 quae
464 1184 479 1218 a
495 1170 621 1233 prioribus
638 1171 782 1230 editoribus
793 1178 850 1219 sunt
868 1171 970 1222 collecta
989 1175 1071 1224 citetis

96 1237 224 1286 autoribus
241 1239 285 1300 qui
302 1251 332 1285 ea
347 1237 386 1286 vel
401 1244 530 1286 servarunt
545 1238 585 1287 vel
601 1239 799 1302 explicaverunt,
812 1253 878 1288 nova
891 1255 941 1290 non
953 1243 1072 1292 adderem

97 1306 143 1354 nisi
159 1319 242 1368 panea
259 1320 324 1367 quae
339 1305 405 1354 Livii
423 1319 479 1355 esse
495 1314 633 1371 constaret,
655 1307 704 1355 alia
720 1321 785 1370 quae
803 1306 910 1356 fortasse
926 1311 1072 1374 recipienda

96 1374 204 1436 arripiam
221 1375 346 1432 videntur,
365 1373 532 1424 excluderem.
565 1374 722 1437 Quamquam
740 1375 806 1424 enim
825 1374 933 1425 dubitari
951 1393 1001 1426 non
1014 1389 1071 1443 pot-

96 1451 142 1500 est,
159 1443 219 1504 quin
230 1442 334 1492 Orosius
346 1457 392 1490 sua
406 1457 524 1508 maguam
536 1451 631 1507 partem
643 1443 738 1492 eLivio
755 1443 867 1493 hauserit
879 1471 912 1480 —
923 1445 956 1498 ci.
972 1445 1071 1498 Theod.
1137 1495 1141 1504 ‚

96 1512 126 1559 de
139 1511 254 1560 hloerner
263 1511 295 1561 de
308 1510 390 1560 Orosii
399 1513 451 1560 vita
466 1513 569 1574 eiusque
583 1511 744 1561 historiarum
755 1513 826 1562 libris
839 1520 936 1578 septem
949 1515 1072 1566 adversus

94 1594 207 1644 paganos
226 1581 421 1644 disputationem
439 1595 465 1646 p.
480 1579 531 1631 104
541 1596 597 1644 sqq.
615 1589 639 1630 et
651 1579 748 1630 Ottcnis
766 1584 1008 1640 commentationem,
1027 1599 1072 1634 an-

14 1703 16 1710 *
94 1649 191 1698 nalibus
201 1650 424 1714 Marbnrgensibus
434 1665 457 1701 a.
470 1647 572 1701 185011.
584 1647 618 1701 41
629 1665 684 1713 sqq.
694 1651 946 1702 insertam—tamen
959 1669 1016 1702 curn
1029 1656 1073 1703 vix
1113 1707 1117 1712 ,

95 1718 203 1768 discerni
221 1727 309 1782 queat,
331 1733 395 1780 quae
416 1719 475 1768 inde
492 1720 624 1784 petiverit,
651 1733 766 1782 quaeque
784 1735 835 1770 uon
853 1729 948 1770 mutata
965 1722 992 1770 iu
1010 1738 1072 1772 siros

14 1811 16 1824 ι
93 1788 170 1836 libros
194 1790 332 1852 receperit,
358 1794 401 1835 aut
418 1788 502 1836 omniu
522 1786 575 1837 lere
593 1798 663 1836 erant
682 1788 838 1838 admittenda
856 1797 899 1837 aut
917 1803 947 1838 ea
964 1798 1072 1854 tantum,

94 1871 158 1918 quae
172 1871 187 1904 a
199 1856 272 1905 Livio
285 1871 312 1904 se
329 1857 469 1921 sumpsisse
486 1856 618 1920 professus
631 1864 676 1907 est.
708 1857 739 1906 Et
754 1856 817 1907 illud
829 1858 932 1919 quidem
949 1873 1006 1908 curn
1022 1873 1072 1908 non

14 1927 16 1958 l
93 1932 180 1989 posset
195 1939 246 1974 non
263 1924 386 1974 lubricum
405 1934 429 1973 et
447 1939 539 1989 anceps
557 1925 638 1973 videri
654 1926 768 1990 priorum
783 1926 909 1976 editorum
926 1929 1071 1993 exemplum

93 2001 196 2042 secutus
212 2009 295 2058 pauca
312 1994 387 2042 modo
404 2009 437 2042 ex
456 1993 537 2043 Orosii
553 1994 624 2042 libris
641 1995 707 2042 inter
722 1994 790 2044 Livii
805 1994 947 2060 fragmenta
963 1997 1073 2047 referen-

94 2064 127 2112 da
152 2065 248 2127 perlevi.
283 2062 396 2112 Eandem
422 2063 544 2111 rationem
567 2063 593 2110 in
618 2063 682 2111 lulio
708 2062 866 2124 Obsequente
890 2072 914 2112 et
938 2065 1074 2114 Plutarcho
1105 2077 1106 2081 ’

92 2133 173 2197 tenui,
191 2133 239 2181 etsi
254 2133 343 2196 negari
361 2146 411 2181 non
429 2137 512 2196 potest
529 2130 607 2180 multo
618 2130 692 2194 plura
702 2131 733 2179 ab
745 2133 777 2179 iis
793 2132 887 2180 eLivic
898 2147 953 2182 esse
963 2142 1073 2197 sumpta.

92 2201 130 2250 De
155 2203 187 2250 iis
212 2215 278 2264 quae
306 2213 372 2248 nuuc
397 2201 507 2263 primum
532 2199 674 2248 adiicienda
705 2199 854 2248 videbantur
882 2214 966 2265 pauca
991 2203 1074 2251 habeo

93 2285 159 2334 quae
176 2269 267 2320 dicam.
304 2270 381 2318 Elin
402 2275 492 2331 quarto
517 2267 620 2329 quidem
643 2267 784 2332 fragmento
805 2269 835 2316 ab
855 2269 964 2334 Hauptic
983 2271 1015 2322 V.
1035 2268 1073 2322 cl.

92 2357 210 2418 invento,
226 2369 282 2404 cum
300 2355 326 2404 in
342 2353 431 2404 codice
449 2354 571 2418 scriptum
589 2361 655 2402 esset
671 2354 724 2419 idq.
742 2355 836 2404 rendre
850 2335 925 2405 uirbis
938 2339 1014 2432 ,ppgfi
1032 2355 1075 2405 de·

92 2439 251 2497 credendam
272 2437 302 2488 G.
313 2437 438 2486 Hermann
456 2437 597 2488 emendavit
615 2438 709 2503 ,adque
726 2437 913 2502 Genmrtporrcm
929 2440 999 2490 urbis
1014 2455 1074 2502 pro-

14 2549 16 2576 ,
91 2511 203 2574 pinques
212 2509 265 2570 fide
279 2505 457 2571 credendam“,
476 2522 551 2570 quam
570 2508 747 2564 coniecturum,
767 2523 822 2557 cum
836 2510 941 2559 meliora
952 2524 1001 2558 non
1014 2524 1074 2573 sup-

91 2585 217 2643 peterent,
230 2577 325 2640 recepi,
338 2576 372 2626 cl.
383 2577 512 2641 Kreyssig.
531 2577 558 2625 T.
570 2576 635 2626 Livii
647 2577 687 2625 ab.
700 2578 755 2626 urb.
768 2579 842 2628 cond.
854 2578 918 2628 liber
927 2579 1075 2628 tricesimus

14 2673 16 2690 t
91 2647 182 2696 tertius
204 2661 229 2709 p.
250 2644 360 2693 CXXIII.
394 2646 422 2694 In
441 2643 582 2710 fragmento
606 2645 733 2694 tricesimo
758 2648 844 2708 quinto
865 2662 924 2695 num
941 2661 971 2696 ea
989 2647 1075 2711 verba,

92 2731 160 2778 qnae
179 2713 311 2777 descripsi,
327 2711 383 2761 sola
399 2713 447 2761 sint
463 2713 539 2772 Livii,
558 2727 590 2762 an
608 2713 657 2762 alia
675 2715 769 2764 luerint
786 2716 912 2779 addenda,
928 2716 974 2765 vix
991 2721 1075 2780 potest

14 2773 16 2838 i
92 2791 218 2836 constare.
246 2782 422 2845 Fragmentum
442 2781 682 2830 duodetricesimum
694 2781 779 2832 Ottoni
797 2785 932 2833 obsecutus
949 2785 1075 2848 recipien-

14 2861 15 2884 t
93 2856 156 2904 dum
177 2853 278 2918 putari,
301 2866 359 2900 cum
376 2850 442 2900 alius
460 2859 534 2912 atque
553 2850 618 2900 Livii
634 2853 713 2900 nostri
729 2851 772 2900 illa
789 2852 865 2900 verba
883 2853 925 2901 vix
942 2865 998 2901 esse
1014 2865 1075 2916 pos-

91 2926 158 2972 sint:
178 2930 287 2971 ceterum
304 2934 354 2970 uon
373 2927 480 2978 constat,
497 2933 559 2968 num
574 2934 617 2972 vv.
635 2934 681 2970 aec
697 2922 814 2971 immerito
829 2935 885 2984 sqq.
899 2927 923 2970 et
933 2922 991 2986 ipsa
1001 2919 1076 2969 Livio

92 2993 233 3040 debeantur
245 3006 276 3039 an
289 2990 451 3042 scholiastae.
470 2990 508 3039 Ex
520 2989 609 3039 eodem
621 2988 691 3038 fonte
702 2992 781 3054 petita
793 2997 851 3040 sunt
862 2990 1003 3055 fragmenta
1013 3004 1075 3052 qua-

92 3061 267 3124 dragesimum
279 3068 303 3108 et
318 3060 538 3124 quadragesimum
557 3060 675 3123 primum,
692 3061 717 3108 iu
728 3059 821 3122 quibus
832 3058 971 3109 scholiasta
982 3073 1075 3108 nomen

92 3128 227 3192 scriptoris
240 3129 334 3193 posuit,
352 3131 419 3192 quod
434 3129 467 3177 ad
481 3143 546 3190 quae
559 3128 672 3177 additum
688 3143 737 3178 non
754 3137 801 3189 est,
819 3130 868 3178 etsi
879 3127 964 3178 Ottoui
976 3143 990 3177 e
1001 3127 1076 3177 Livio

92 3196 217 3247 nonnulla
236 3203 335 3260 sumptu
353 3200 407 3246 iure
427 3197 533 3246 leuasse
552 3197 682 3261 videntur,
701 3212 731 3247 ca
748 3206 848 3262 tamen,
865 3198 934 3260 quod
952 3197 979 3245 id
995 3197 1075 3244 incer-

91 3277 149 3316 tum
168 3273 214 3324 est,
231 3266 362 3314 admittere
375 3266 497 3316 dubitavi.
520 3266 761 3329 Quinquagesimum
775 3268 889 3329 quintum
904 3267 1075 3330 lragmeutum

92 3352 109 3386 a
128 3333 322 3386 Schneidewino
346 3334 377 3382 V.
399 3333 434 3383 Cl.
454 3342 580 3397 repertum
603 3343 628 3384 et
645 3334 662 3388 l.
678 3335 696 3385 l.
717 3335 871 3398 explicatum
891 3341 930 3382 est
947 3340 972 3382 et
990 3345 1075 3380 emen-

14 3423 15 3436 *
91 3406 192 3464 datum,
210 3417 268 3454 nam
285 3402 361 3452 verba
374 3401 484 3452 Romano
498 3410 523 3451 et
538 3405 611 3464 pacis
628 3402 780 3453 abundantia
798 3405 852 3453 iure
868 3402 941 3452 Livio
958 3400 1077 3450 videntur

91 3474 246 3525 abiudicari.
277 3471 453 3537 Fragmentum
465 3469 765 3537 duodeseptuagesimum
779 3481 803 3520 et
815 3470 944 3530 sequeutia
960 3482 1017 3517 cum
1033 3467 1076 3516 Li·

828 3544 867 3590 a*
1064 3553 1067 3560 ¹
