2592 3964
205 209 247 272 30
351 207 467 272 LIBER
480 208 612 273 XXXIX.
634 207 715 272 CAP·
729 215 773 271 32.
784 217 830 272 33.
852 215 888 284 [a.
899 215 934 268 U.
947 232 971 270 o.
986 217 1049 283 toa]

204 361 338 438 proeliis.
366 376 422 422 sex
442 367 601 440 praeterea
621 359 737 436 oppida
751 374 859 420 eorum
874 369 1076 436 expugnarant
1098 363 1193 426 multa

203 445 285 506 milia
304 443 459 506 boninum
473 445 504 504 in
519 441 558 505 iis
574 443 670 520 cepit;
691 442 765 503 belli
778 450 922 509 auctores
936 451 999 510 tres
1014 453 1045 508 et
1059 447 1191 522 quadra·

202 528 287 606 ginta
302 529 403 592 securi
416 527 579 603 percussit.

285 613 349 672 lam
364 610 555 676 comitiorum
567 612 732 688 appetebat
742 617 874 687 tempus.
896 611 981 689 prior
991 619 1091 681 minen
1104 614 1192 678 chu-

203 696 273 758 dius
290 711 382 772 quam
397 693 616 771 Sempronius,
638 696 688 758 cni
704 711 775 757 sors
790 693 912 766 comitia
925 695 1058 764 habendi
1074 697 1190 774 obtige-

201 788 257 856 rat,
270 781 399 842 Romam
414 779 505 854 venit,
521 779 594 857 quia
605 780 637 840 Ρ.
651 779 796 846 claudius
812 781 904 841 irater
917 776 985 846 eins
998 782 1191 847 consulatum

202 863 335 940 petebat
370 863 587 940 competitores
607 863 742 926 habebat
759 862 907 940 patricios
926 863 960 922 L.
975 863 1137 928 Aenuilium
1154 864 1189 939 Q.

200 946 327 1009 Fabium
343 946 409 1008 Ser.
426 944 595 1022 Sulpicium
611 946 747 1021 Galbam,
764 953 884 1008 veteres
900 947 1091 1022 candidatos,
1106 956 1137 1010 et
1150 949 1190 1010 ab

8 1055 9 1082 t
128 1066 131 1070 -
201 1032 334 1107 repulsis
349 1046 387 1094 co
401 1028 501 1106 magis
516 1029 666 1105 debitum,
688 1031 761 1106 qnia
776 1031 874 1107 primo
890 1038 1018 1111 negatus
1034 1039 1113 1105 erut,
1134 1031 1191 1093 ho·
1287 1059 1288 1088 t

201 1131 305 1178 norem
327 1120 512 1190 repetentes.
544 1113 635 1178 etiam
657 1115 729 1196 qula
743 1116 814 1192 plus
829 1131 920 1191 quem
934 1131 1028 1178 unum
1043 1131 1082 1178 cx
1097 1113 1190 1192 patri·
1287 1129 1288 1174 t

184 1199 257 1262 -ciis
278 1199 375 1259 creari
396 1213 458 1261 non
479 1197 604 1274 licebat,
625 1199 719 1261 artim
738 1199 843 1277 petitio
859 1205 1002 1276 quattuor
1014 1199 1190 1278 petentibus

200 1289 274 1345 erat.
298 1282 410 1358 plebeii
425 1297 551 1359 quoque
564 1281 692 1359 gratiosi
702 1283 843 1347 homines
854 1283 1006 1360 petebant,
1015 1283 1050 1344 L.
1062 1281 1187 1345 Porcius

200 1366 235 1441 9.
249 1367 408 1430 Terentius
424 1367 528 1431 Culleo
544 1367 596 1428 Cn.
611 1367 745 1432 Baebius
759 1366 953 1444 Tamphilus,
974 1374 1005 1428 et
1017 1367 1048 1427 hi
1062 1367 1188 1442 repulsi,

199 1451 231 1512 in
246 1466 337 1528 spem
345 1451 529 1529 impetrandi
541 1453 664 1514 tandem
675 1452 841 1528 aliquando
852 1450 979 1514 honoris
991 1449 1084 1516 dilati.
1101 1449 1189 1512 Clau-

200 1534 271 1596 dius
291 1551 373 1600 unus
393 1549 433 1598 ort
456 1535 598 1599 omnibus
619 1551 719 1600 novus
735 1536 916 1605 candidatus
932 1539 1005 1596 erat.
1041 1534 1188 1611 opinione

199 1617 356 1680 hominurn
369 1617 454 1683 haud
469 1617 563 1683 dubie
577 1618 808 1684 destinabantur
823 1619 856 1694 Q.
869 1617 983 1680 Fabius
993 1616 1097 1684 Labeo
1112 1624 1143 1682 et
1152 1617 1187 1680 L.

198 1701 327 1764 Porcius
342 1701 476 1764 Licinus.
504 1702 562 1764 sed
580 1702 724 1765 claudius
740 1705 850 1764 consul
864 1702 934 1763 sine
945 1700 1104 1764 lictoribus
1119 1717 1189 1764 curn

200 1787 293 1848 trane
306 1792 371 1847 toto
387 1788 454 1850 loro
470 1786 637 1862 volitando,
652 1785 875 1849 clamitantibus
887 1785 1074 1848 adversariis
1085 1791 1116 1848 et
1125 1801 1188 1848 ma·

85 1879 87 1882 ’
199 1869 265 1932 iuro
279 1878 366 1944 parte
381 1878 507 1934 senonas
523 1871 699 1934 meminisse
714 1887 783 1932 eum
798 1871 912 1933 dehere
925 1869 1011 1945 prius
1026 1885 1062 1934 se
1077 1885 1186 1936 consu·

199 1953 259 2014 lem
280 1953 389 2030 populi
408 1955 539 2020 Romani
558 1970 651 2031 quam
671 1956 794 2019 fratrem
813 1953 846 2013 Ρ.
867 1953 984 2016 Claudii
1003 1967 1091 2018 essee
1114 1954 1189 2030 quin

198 2037 249 2099 ille
270 2037 386 2099 sedens
407 2042 464 2114 pro
478 2039 620 2100 tribunali
634 2045 688 2102 aut
702 2037 849 2102 arbitrum
863 2045 916 2100 aut
929 2036 1052 2100 tacitum
1067 2043 1187 2114 specta-

197 2126 296 2183 torem
325 2121 516 2185 comitiorum
543 2137 579 2183 sa
606 2122 838 2199 proehcrctt—
854 2121 992 2186 coerceri
1020 2127 1121 2185 tamen
1148 2121 1188 2182 ab

198 2204 300 2268 effuso
320 2205 423 2270 studio
445 2205 561 2282 nequit
598 2206 716 2282 magnis
738 2203 985 2268 contentionibus
999 2205 1188 2284 tribunorum

200 2304 325 2367 quoque
345 2287 462 2364 plebei,
485 2289 538 2365 qui
559 2297 611 2350 aut
634 2297 740 2351 uonna
760 2289 920 2352 consulem
940 2296 993 2350 aut
1012 2304 1070 2364 pro
1086 2285 1188 2352 studio

199 2372 266 2432 eius
287 2372 480 2447 pugnabant,
503 2372 626 2434 comitia
645 2373 831 2448 aliquotiens
846 2373 981 2446 turbata,
996 2372 1103 2436 donec
1116 2387 1188 2447 per·

199 2453 271 2516 vicit
284 2454 422 2529 Appius,
443 2461 477 2516 ut
497 2456 616 2520 demeto
630 2455 726 2519 Fabio
747 2457 870 2518 fratrem
891 2455 1032 2518 traheret
1065 2461 1188 2518 creatus

197 2537 230 2597 Ρ.
257 2538 401 2600 claudius
425 2536 555 2601 Pulcher
579 2547 703 2614 praeter
727 2555 816 2616 spem
840 2555 928 2602 suam
953 2545 983 2599 et
1008 2545 1187 2603 ceterorum.

197 2623 300 2684 locum
313 2636 404 2682 suum
421 2622 559 2684 tenuitL.
571 2621 697 2684 Porcius
707 2623 842 2698 Licinus,
859 2623 931 2700 quia
945 2621 1111 2684 moderatis
1124 2631 1188 2692 stu·

198 2704 272 2781 diis,
293 2720 356 2766 non
373 2703 404 2765 vi
420 2704 585 2769 Claudiana
607 2705 685 2766 inter
704 2705 846 2783 plebeios
861 2713 1008 2770 certatum
1022 2713 1078 2769 est.
1100 2721 1188 2782 prae

197 2796 299 2851 torum
319 2789 392 2850 indc
413 2790 535 2853 comitia
556 2796 629 2852 sunt
647 2789 766 2852 habita=
795 2789 826 2851 0.
846 2787 1002 2852 Decimius
1022 2789 1135 2850 Flavus
1154 2789 1187 2849 Ρ.

198 2871 530 2948 SemproninsLongus
541 2871 1077 2950 P.comattuscethaguso.ttaevius
1083 2871 1189 2935 Matho

197 2955 228 3016 C.
243 2955 445 3032 Sempronius
455 2957 586 3019 Blaesus
597 2957 635 3016 A.
646 2956 807 3018 Terentius
818 2959 919 3020 Varro
930 2963 1090 3034 praetores
1106 2955 1188 3020 iacti.

196 3037 275 3099 haec
289 3053 328 3100 eo
343 3053 435 3114 anno,
450 3056 513 3117 quo
527 3040 588 3114 Ap.
605 3040 749 3104 Claudius
763 3033 805 3104 M.
822 3039 1025 3118 Sempronius
1041 3042 1188 3103 consules

197 3123 328 3197 inerunt,
344 3122 427 3184 domi
441 3123 628 3199 militiaeque
642 3131 738 3199 gesta.

280 3203 414 3269 XXXIII.
435 3205 588 3282 Principio
613 3207 806 3284 insequentis
830 3207 902 3271 anni
925 3207 958 3266 P.
985 3206 1130 3272 claudius
1150 3206 1185 3268 L.

196 3288 324 3352 Porcius
346 3292 506 3364 consules,
529 3305 598 3351 cum
619 3290 653 3365 9.
669 3291 820 3354 Caecilius
833 3290 874 3352 bh
888 3291 1025 3356 Baebius
1039 3291 1082 3354 Ti.
1099 3287 1185 3350 Sem·

197 3374 342 3449 pronius,
363 3375 415 3450 qui
437 3374 477 3436 ad
498 3372 732 3452 disceptandum
750 3374 829 3435 inter
840 3372 1014 3450 Philippum
1030 3382 1060 3438 et
1075 3373 1186 3434 Eume-

197 3473 267 3518 nem
286 3474 377 3536 regea
390 3458 669 3535 iiressalommque
684 3458 822 3521 civitates
836 3459 923 3521 missi
938 3466 1040 3532 erant,
1060 3457 1186 3534 legatio·
