2570 3952
301 229 416 290 LIBER
429 229 519 291 XLV.
543 230 625 290 CAP.
640 238 684 293 39.
695 239 739 292 40.
762 237 799 303 [a.
813 236 845 288 G.
858 237 921 303 167]
1034 230 1097 296 293

117 382 223 458 populi
237 383 366 442 Romani
384 382 569 455 tansvehens
583 382 671 443 redit.
693 399 766 459 pars
782 401 843 445 non
858 382 981 446 minima
993 387 1093 448 trium-

118 467 169 542 phi
194 472 241 525 est
264 465 406 525 victimae
427 467 664 541 praecedentes,
692 475 724 527 ut
744 475 892 542 appareat
912 469 970 528 diis
992 477 1095 544 grates

5 575 7 580 v
117 556 256 625 agentem
276 549 490 624 imperatorem
512 549 631 610 obrem
648 551 800 624 publicam
819 552 899 611 bene
914 559 1032 626 gestam
1046 569 1095 614 re·

117 633 192 693 dire.
216 648 322 693 omnes
338 633 406 693 illas
420 631 574 707 victimas,
597 649 675 709 quas
690 634 880 694 traducendo
896 635 924 693 in
941 637 1093 712 triumpho

116 717 278 790 dedicavit,
293 715 368 776 alias
380 717 439 777 alio
454 716 600 777 caedente
611 717 805 777 mactabitist
826 718 920 793 quid?
940 719 1006 779 illas
1019 736 1092 795 epu-

115 802 162 859 las
183 805 318 872 senatus,
341 815 421 874 quae
436 815 494 859 nec
514 799 632 875 privato
654 801 723 862 loco
743 815 801 860 nec
815 801 941 876 publico
953 803 1095 877 profano,

117 881 174 944 sed
195 884 226 942 in
249 882 398 957 capitolio
421 884 553 943 eduntur
571 915 615 928 -
635 890 734 944 utrum
757 883 912 944 hominum
928 887 1093 961 voluptatis

116 981 211 1026 causa
234 983 272 1025 un
293 966 421 1028 deorum
440 966 659 1043 hominumque
686 1001 727 1012 ι·-
762 976 887 1029 auctore
910 967 975 1029 Ser.
998 969 1095 1030 Galba

116 1051 263 1110 turbaturi
278 1050 374 1111 estist
392 1050 426 1108 L.
440 1049 526 1110 Pauli
541 1051 694 1126 triumpho
707 1058 813 1126 portae
825 1054 1025 1113 claudentur?
1038 1069 1094 1113 rex

70 1201 74 1207 ,
114 1133 316 1195 Macedonum
326 1133 457 1194 Perseus
473 1149 542 1194 cum
556 1135 659 1195 liberis
677 1140 708 1194 et
720 1135 810 1195 turba
825 1135 883 1195 alia
894 1137 1091 1211 captivorum,

115 1217 215 1291 spolia
227 1217 441 1291 Macedonum,
458 1217 532 1277 citra
546 1216 659 1277 flumen
674 1216 905 1293 relinquentem
932 1221 964 1278 L.
979 1219 1092 1280 Paulus

117 1301 263 1375 privatus,
284 1307 436 1374 tamquam
452 1315 524 1360 rure
537 1299 676 1375 rediens,
691 1315 710 1359 a
724 1308 814 1375 porta
829 1303 952 1362 domum
968 1301 1043 1362 inita
1064 1311 1093 1362 et

115 1389 156 1458 tu,
172 1383 316 1455 centurio,
331 1381 430 1455 miles,
447 1383 520 1457 quid
537 1383 576 1442 de
590 1382 773 1458 imperatore
787 1383 881 1444 Paulo
897 1391 1023 1444 senatus
1039 1386 1089 1445 de-

5 1473 7 1538 }
114 1467 204 1525 crerit
224 1466 326 1541 potius
349 1481 439 1541 quam
462 1465 534 1542 quid
556 1465 622 1526 Ser.
647 1465 743 1526 Galba
765 1465 930 1540 fabuletur,
952 1469 1040 1538 audi;
1063 1477 1091 1532 et

6 1585 7 1604 t
113 1549 174 1609 hoc
189 1551 291 1610 dicere
306 1565 355 1609 me
369 1549 471 1625 potius
494 1565 585 1625 quam
600 1551 683 1610 illum
699 1550 780 1610 audi.
802 1548 853 1610 ille
868 1551 941 1609 nihil
956 1559 1091 1626 praeter·

114 1649 206 1709 quam
220 1633 314 1710 loqui,
330 1642 361 1695 et
374 1633 405 1693 id
420 1633 521 1708 ipsum
532 1634 681 1694 maledice
692 1647 728 1693 ac
739 1633 879 1710 maligne,
895 1633 1015 1695 didicit:
1031 1651 1090 1710 ego

113 1725 158 1776 ter
173 1725 203 1778 et
216 1718 333 1778 viciens
350 1733 418 1778 cum
440 1717 529 1779 hoste
542 1733 598 1792 per
613 1718 863 1793 provocationem
879 1719 1029 1792 pugnavi;
1052 1733 1092 1778 ex

113 1799 270 1873 omnibus,
295 1800 497 1875 cumquibus
519 1816 641 1861 manum
669 1802 827 1875 conserui,
854 1801 954 1875 spolia
973 1802 1091 1871 rettuli;

112 1884 232 1958 insigne
257 1897 371 1959 corpus
396 1884 534 1944 honestis
559 1883 766 1966 cicatricibus,
793 1883 934 1945 omnibus
957 1885 1090 1944 adverso

114 1981 244 2041 corpore
259 1965 413 2041 exeeptis,
435 1966 564 2027 habeo.“
586 1968 722 2028 nudasse
737 1966 848 2029 deinde
863 1983 898 2027 se
914 1966 1037 2041 dicitur,
1062 1974 1091 2028 et

113 2065 176 2125 quo
192 2065 334 2125 quaeque
348 2050 428 2110 bello
441 2050 568 2110 vulnera
577 2057 702 2125 accepta
714 2057 820 2111 essent
831 2051 994 2111 rettulisse.
1011 2066 1091 2126 quae

113 2135 185 2193 dum
202 2139 347 2207 ostentat,
364 2133 519 2208 adapertis
534 2134 612 2192 sorte
627 2149 707 2209 quae
721 2133 852 2193 velanda
866 2141 966 2206 erant,
989 2141 1091 2194 tumor

112 2217 268 2292 inguinum
284 2214 433 2291 proximis
447 2216 543 2276 risum
557 2217 660 2276 movit.
680 2223 743 2275 tum
764 2216 850 2287 „hoc
865 2232 990 2290 quoque
1006 2216 1091 2290 quod

6 2332 9 2356 >
112 2300 246 2360 ridetis“
270 2300 367 2374 inquit
387 2299 444 2374 „in
460 2313 542 2374 equo
559 2298 625 2359 dies
640 2305 810 2374 noctesque
826 2298 1021 2373 persedendo
1037 2299 1089 2359 ha-

7 2433 8 2438 ,
111 2385 187 2454 beo;
211 2398 268 2443 nec
290 2382 387 2458 magis
405 2398 454 2443 me
477 2380 544 2444 eius
567 2398 658 2458 quam
680 2382 854 2442 cicatricum
874 2380 980 2442 harum
995 2383 1091 2457 pudet

6 2489 8 2493 ’
112 2467 317 2542 poenitetque,
335 2466 459 2542 quando
475 2481 640 2542 numquam
654 2465 727 2526 mihi
741 2465 958 2541 impedimento
974 2466 1013 2526 ad
1025 2481 1089 2525 rem

113 2547 265 2626 publicam
285 2551 365 2611 bene
386 2549 553 2626 gerendam
575 2551 656 2611 domi
671 2549 856 2624 militiaeque
871 2550 935 2610 luit.
956 2565 1014 2624 ego
1030 2548 1089 2610 hoc

7 2692 8 2696 ,
112 2636 192 2694 terro
212 2649 307 2709 saepe
326 2642 468 2694 vexatum
490 2649 603 2708 eorpus
626 2641 714 2693 vetus
728 2632 815 2692 miles
838 2631 1086 2693 adolescentibus

7 2775 8 2779 ,
111 2716 254 2776 militibus
273 2716 409 2778 ostendi:
433 2715 529 2776 Galba
549 2717 648 2777 nitens
665 2723 695 2775 et
708 2715 857 2790 integrum
873 2716 1017 2775 denudet.
1040 2731 1088 2782 re·

9 2823 13 2861 ῑ
110 2807 253 2944 mate-'1¹
257 2799 434 2944 tseisvidetur,
449 2796 575 2872 tribuni,
593 2800 632 2858 ad
648 2797 825 2874 suffragium
841 2797 953 2867 tribus;
974 2813 1032 2872 ego
1049 2798 1088 2856 ad

7 2925 9 2928 ψ
170 2899 255 2956 ,mii
305 2929 313 2955 ,

7 3078 13 3116 3
110 3050 170 3108 XL.
192 3047 340 3110 suminam
362 3050 461 3111 omnis
483 3048 593 3124 captivi
618 3049 682 3108 auri
703 3049 881 3122 argentique
902 3047 1038 3108 translati
1054 3046 1087 3086 **

9 3161 14 3200 5
111 3131 229 3192 miliens
252 3133 431 3193 ducentiens
458 3133 554 3194 luisse
579 3131 721 3192 Valerius
742 3131 850 3192 Antias
873 3131 977 3201 tradit;
1008 3147 1087 3206 quae

10 3245 17 3282 1¹
111 3215 194 3276 haud
210 3215 300 3276 dubie
317 3213 413 3276 maior
428 3217 583 3291 aliquanto
608 3230 725 3274 summa
740 3230 779 3273 ex
793 3229 920 3275 numero
934 3217 1086 3289 plaustro-

8 3324 19 3370 3:
109 3315 179 3358 rum
200 3298 454 3373 ponderibusque
475 3299 540 3359 auri
559 3299 674 3372 argenti
690 3298 855 3372 generatim
870 3298 909 3356 ab
924 3298 993 3372 ipso
1010 3297 1085 3356 scri-

8 3413 22 3453 ,=
110 3384 170 3457 ptis
197 3381 337 3442 eflicitur.
363 3382 490 3441 alterum
514 3387 630 3444 tantum
655 3381 756 3441 autin
780 3381 892 3440 bellum
913 3379 1085 3453 proximum

14 3495 17 3532 ς
111 3467 306 3540 absumptum
321 3465 415 3526 autin
432 3466 512 3540 fuga,
529 3481 596 3525 cum
612 3462 829 3526 Samothracen
844 3469 970 3539 peteret,
994 3460 1086 3520 dissi-
