2570 3952
184 283 237 328 xvl
499 267 527 312 Τ.
549 263 625 313 LlVlI
644 263 851 313 FRAGMENTA.

234 422 270 472 ost
289 419 360 467 Titus
374 417 477 465 Liuius:
499 416 552 464 Pisi
570 414 753 465 adtaeemutico
770 414 823 463 loro
843 423 985 478 praestatur
999 415 1084 464 virtuti
1100 415 1168 476 laus,

185 488 243 554 gelu
262 487 309 536 sed
326 485 404 534 multo
424 486 494 534 ocius
510 485 583 533 senio
603 484 716 532 tabescit.
744 482 808 532 Non.
825 483 911 532 Marc.
930 486 962 533 dc
978 485 1105 534 indiceret.
1122 500 1169 549 ae-

184 556 285 606 neribus
299 570 349 617 per
367 555 457 604 literas
472 567 500 615 p.
520 551 571 604 207
590 553 630 602 ed.
650 551 733 606 Mera.
749 567 776 614 p.
798 549 845 601 itt
863 553 903 601 ed.
927 553 1040 602 Gerlaclr.

235 631 268 682 to)
289 625 361 672 Titus
379 623 482 673 Livius:
510 623 588 671 vestis
606 621 693 685 pulla,
715 634 852 685 purpurea,
871 621 965 684 ampla.
991 621 1056 671 Non.
1077 621 1168 674 More.

184 693 236 742 IV.
257 694 288 742 de
303 693 376 742 uana
393 693 477 756 sionis.
494 706 567 741 senna.
587 691 627 740 ed.
649 689 732 740 Merc.
749 704 776 751 p.
788 685 851 745 368,⁸
872 691 912 739 ert.
933 690 1046 740 Gerlach.
1060 706 1090 752 p.
1103 689 1168 742 251.

235 770 268 814 tlt
287 763 384 826 Vepres
401 761 501 826 generis
517 758 640 817 feminini,
656 768 683 806 ut
696 758 767 807 Titus
785 758 885 808 Livius:
905 759 951 806 lias
969 773 1066 824 vepres,
1078 761 1169 809 Granic-

184 833 267 882 rnatici
278 833 367 881 incerti
379 831 411 880 de
424 821 694 892 pencribus'noninurn
713 829 860 889 opusculum.
881 829 921 876 ed.
943 826 997 877 Otto
1013 843 1041 890 p.
1059 825 1102 880 57.
1126 829 1168 891 Cf.
1254 853 1258 860 ·

186 899 254 950 Ouid.
270 901 383 949 Halieot.
400 899 440 947 ed.
457 899 554 960 Haupt.
572 912 599 959 p.
620 895 680 946 102.

238 974 271 1026 rt)
295 982 436 1019 ....verne
530 974 616 1031 specta
709 965 736 1013 lli
755 965 1001 1014 in...ratdein...
1022 966 1167 1016 itacon...

185 1036 1057 1100 quorum...daeet....tuero...ctum...tcopi...oritu
1076 1069 1168 1088 ......

186 1106 340 1167 Publiusque
353 1104 475 1154 Lentulus
491 1103 648 1153 Marcellinus
667 1102 757 1151 eodem
778 1109 880 1152 auctore
898 1112 1018 1164 quaestor
1032 1105 1058 1152 in
1074 1119 1171 1154 notrum

185 1176 341 1240 provinciam
359 1173 470 1222 Curenus
485 1173 578 1222 missus
593 1178 639 1232 est,
658 1171 725 1234 quoti
737 1185 767 1220 ea
782 1173 875 1220 niortui
887 1173 957 1238 regis
971 1173 1076 1236 Apionis
1090 1182 1170 1222 testa-

185 1251 269 1293 mento
288 1244 361 1292 nobis
372 1242 434 1292 data
450 1242 612 1306 prudentiore
622 1256 697 1304 quam
711 1242 771 1290 illas
781 1255 827 1304 per
841 1241 924 1305 gentis
939 1247 963 1290 et
976 1241 1060 1290 minus
1070 1243 1170 1306 pieriae

185 1313 254 1364 avidi
264 1313 372 1377 imperio
386 1312 554 1374 conponenda
564 1311 621 1360 iuit.
640 1318 772 1374 praeterea
781 1309 936 1359 diversorum
953 1309 1068 1359 ordinum
1076 1344 1169 1362 ......

186 1386 208 1431 is
228 1383 343 1433 saevitia.
368 1395 418 1444 qua
433 1395 459 1429 re
474 1379 580 1445 iatipata
598 1379 696 1444 plebes,
717 1378 782 1428 iortc
800 1379 915 1428 consules
933 1379 1017 1439 ambo,
1032 1379 1062 1437 Q.
1079 1379 1167 1428 Metel.

188 1453 249 1511 lum,
269 1453 310 1501 cui
325 1457 414 1514 postea
432 1447 529 1499 Cretico
548 1464 687 1513 cognomen
702 1447 754 1510 fuit
775 1447 812 1496 vel
833 1447 993 1497 candidatum
1006 1449 1171 1510 praetorium

186 1535 257 1570 secra
271 1522 314 1570 via
330 1521 361 1568 de
379 1519 452 1568 tectis
467 1533 524 1567 cum
539 1533 632 1582 magno
648 1516 752 1564 tumultu
769 1516 874 1574 invadit,
889 1515 1067 1582 fugientesque
1080 1527 1171 1568 secuta

187 1589 220 1640 ad
233 1585 321 1636 Octavi
337 1588 445 1649 donnum,
464 1601 529 1648 quae
542 1587 648 1650 propior
662 1592 724 1650 erat,
739 1619 813 1636 .....
830 1587 945 1648 pervenit
956 1620 978 1634 ..
988 1621 1011 1637 ..
1026 1600 1093 1650 pauc
1112 1623 1134 1635 ..
1147 1623 1169 1637 ..

186 1658 250 1707 ulter
266 1655 402 1720 ....cupit
416 1670 430 1703 e
446 1688 497 1706 ....
518 1670 551 1703 ua
568 1655 602 1704 lin
694 1655 750 1702 ioco
828 1655 910 1704 ierunt
988 1654 1052 1703 mibi
1118 1657 1171 1706 tiae

187 1745 200 1778 c
212 1759 284 1777 .....
305 1741 320 1772 a
339 1741 434 1786 eq....
453 1723 479 1771 bi
496 1737 530 1788 pu
625 1721 662 1774 Ci.
688 1721 771 1774 Ueber
790 1724 828 1772 ein
843 1723 1001 1774 Brucltstr'iclt
1016 1721 1172 1775 des98sten

186 1795 270 1847 Bucits
289 1795 334 1844 des
352 1794 439 1842 Livius
457 1807 501 1842 oon
520 1794 550 1844 G.
561 1793 595 1842 Α.
606 1793 684 1841 Perta
693 1791 783 1842 Berlin
793 1789 868 1842 1848.
894 1792 1040 1857 Kreyssipii
1052 1808 1171 1843 conrnun-

186 1868 247 1915 tatio
262 1865 293 1914 de
308 1863 339 1912 P.
351 1863 419 1913 Livii
434 1861 592 1912 ilistoriarum
608 1863 718 1926 reliquiis
732 1875 767 1910 cn
779 1863 940 1923 palinqrsesto
959 1861 1077 1911 Toletano
1091 1866 1170 1912 erutis

186 1929 404 1988 Misenoe1849,·
428 1931 552 1980 Hosclrltt'i
574 1932 709 1992 disputatio
732 1931 763 1979 de
782 1929 827 1979 ltoc
842 1932 998 1994 strapnzento,
1024 1931 1172 1995 Zeitsclrrift

184 2005 230 2067 fiir
245 1999 521 2062 Reclrtsnissensclroft‚
539 1999 739 2064 kerauspcyeben
755 2013 800 2048 oon
816 1997 939 2064 Sooipny,
963 1999 1097 2060 Eicirlrorn,
1117 1999 1172 2050 nu-

187 2071 262 2134 dorff.
279 2072 326 2120 ool.
344 2069 402 2118 XV
412 2083 441 2130 p.
458 2063 510 2118 273
524 2084 586 2132 sqq:
607 2068 768 2131 Monaesenii,
782 2068 960 2118 Bericlztriber
975 2069 1016 2118 die
1036 2068 1172 2118 Veritand·

187 2145 276 2204 tannen
295 2139 342 2187 der
359 2137 483 2202 ltdniylicli
503 2136 660 2187 sa'cisisciten
682 2136 847 2200 Gesellsclroft
866 2139 913 2187 cler
939 2137 1169 2200 Wissenscliasten,

187 2206 511 2272 Plritolopisclaiztstortscie
524 2206 611 2256 Classe
625 2204 702 2259 1850.
717 2205 773 2258 III.
789 2221 818 2268 p.
834 2204 894 2258 196.

239 2283 272 2334 u>
293 2277 323 2328 T.
336 2277 424 2326 Livius
433 2286 484 2327 tam
493 2276 595 2338 iniquus
605 2275 715 2325 Salustio
730 2275 787 2334 iuit,
798 2282 826 2324 ut
836 2275 900 2324 hanc
911 2277 992 2340 ipsum
1003 2277 1170 2326 senteutiam:

190 2348 240 2399 Res
250 2347 374 2396 secundae
384 2347 444 2395 mire
453 2352 511 2394 sunt
518 2346 583 2394 vitiis
593 2345 710 2404 obtentui,
719 2351 847 2406 tamquam
857 2345 1003 2394 translatam
1015 2354 1038 2394 ct
1048 2352 1171 2408 tanquam

190 2423 333 2480 corruptam
350 2415 409 2464 dum
419 2413 577 2470 transfertur,
596 2415 704 2462 obiceret
713 2411 831 2462 Salustii).
852 2429 898 2462 ure
911 2415 959 2463 lroc
973 2429 1059 2464 amore
1070 2413 1171 2480 Thucy·

189 2484 257 2532 didis
272 2483 342 2540 iacit,
361 2491 388 2530 ut
405 2481 478 2531 illum
497 2481 630 2546 praeierat.
651 2481 746 2544 laudnt,
765 2497 841 2544 quem
860 2497 909 2532 uon
928 2482 1006 2542 timet,
1028 2493 1052 2532 et
1068 2482 1171 2533 iaeilius

188 2559 259 2617 putat
282 2565 358 2614 posse
376 2565 391 2598 a
408 2564 436 2600 sc
456 2550 593 2599 Salustium
620 2550 702 2614 vinci,
728 2550 750 2598 si
771 2559 828 2600 aute
848 2568 862 2600 a
881 2552 1028 2618 Thucydide
1046 2553 1170 2604 vincatur.

189 2620 285 2670 Seneca
304 2619 416 2670 Controo.
438 2618 544 2668 XXIV.

240 2693 274 2742 iit
294 2689 322 2738 T.
338 2689 426 2738 Livius
445 2689 476 2739 de
495 2688 646 2748 oratoribus,
668 2691 712 2752 qui
731 2689 805 2739 verba
822 2690 926 2752 antiqua
945 2698 969 2739 et
986 2690 1091 2740 sordida
1109 2706 1171 2740 con·

189 2766 326 2818 sectantur,
343 2767 367 2806 et
383 2758 504 2808 orationis
522 2757 698 2808 obscuritatem
713 2758 872 2807 severitatem
887 2767 985 2823 putant,
1004 2759 1096 2819 aiebat,
1113 2759 1171 2810 Mil·

188 2829 283 2878 tindem
304 2827 429 2877 rhetorem
454 2827 582 2891 eleganter
600 2828 710 2877 dixisse:
738 2820 800 2875 Ἐπὶ
817 2824 854 2894 τῷ
873 2825 991 2889 πλησίον
1008 2825 1170 2892 μαίνονται.

188 2897 285 2947 Seneca
304 2898 417 2948 Controo.
437 2896 527 2948 XXV.

240 2971 274 3021 ts)
292 2967 320 3013 ln
337 2965 386 3014 hoc
403 2967 496 3014 mulum
512 2979 527 3013 a
545 2965 697 3026 quibusdem
716 2965 791 3014 etiam
811 2964 951 3014 laboratur:
978 2981 1060 3029 neque
1079 2966 1106 3015 id
1124 2981 1171 3016 no·

191 3049 248 3081 vum
269 3033 358 3082 vitium
379 3043 429 3091 est,
448 3049 525 3096 quum
541 3034 591 3081 iam
606 3035 675 3096 apud
692 3035 721 3082 T.
738 3033 837 3082 Livium
853 3035 980 3084 inveniam
1002 3035 1081 3084 inisse
1096 3049 1171 3098 prae-

190 3109 318 3165 ceptorem
334 3100 452 3163 aliquem,
471 3102 514 3166 qui
526 3102 665 3166 discipulos
682 3101 825 3162 obscurare,
845 3119 909 3164 quae
927 3104 1046 3162 dicerent,
1063 3104 1171 3164 iuberet,

190 3171 285 3220 Graeco
305 3170 381 3219 verbo
400 3176 483 3231 utens,
503 3161 639 3221 σκότισον.
667 3172 734 3220 unde
752 3169 796 3220 illa
811 3172 906 3223 scilicet
923 3174 1027 3238 egregia
1042 3172 1170 3223 laudatio:

193 3239 272 3290 Tanto
281 3241 381 3290 melior:
394 3255 425 3289 ne
434 3254 480 3304 epo
489 3240 583 3304 quidem
592 3241 711 3290 intellexi.
727 3240 838 3302 Quinctii.
846 3240 911 3292 inst.
921 3240 993 3292 Orat.
1004 3241 1083 3300 VIII,
1092 3239 1118 3305 2,
1127 3240 1169 3292 18.

239 3315 273 3364 tn)
295 3310 351 3358 Fuit
365 3309 442 3374 igitur
462 3310 572 3359 brevitas
589 3309 632 3357 illa
649 3309 782 3365 tutissima,
797 3326 860 3373 quae
876 3311 945 3376 apud
957 3310 1059 3361 Livium
1075 3312 1100 3360 iu
1115 3312 1170 3375 epi-

190 3377 255 3427 stola
270 3379 301 3426 ad
320 3379 398 3427 illium
417 3378 520 3443 scripta,
536 3378 846 3442 lependosDemostltcnem
863 3387 939 3444 atque
948 3381 1103 3431 Ciceronem:
1121 3389 1170 3429 tram

188 3449 234 3506 ita,
247 3455 273 3495 ut
286 3450 388 3511 pirisque
404 3454 471 3496 esset
484 3446 642 3498 Derrtostlreni
656 3455 682 3497 et
693 3447 807 3499 Ciceroni
821 3450 960 3500 simillimos.
989 3450 1087 3512 Quintil.
1103 3447 1170 3498 last.

190 3511 261 3563 Orat.
284 3515 317 3573 X,
339 3517 360 3576 1,
375 3512 417 3567 39.
437 3517 491 3566 coll.
512 3515 537 3576 t,
554 3515 598 3568 ⁴2⁰.

571 3608 726 3615 --.-...
730 3609 777 3615 Ἡ...-
