2598 3956
168 210 233 275 124
368 210 482 273 LIBER
496 211 569 272 llll.
592 211 673 272 CAP.
688 219 732 274 23.
754 217 790 286 [a.
803 217 841 270 Ut
851 235 872 270 c.
886 218 949 285 578]

166 362 252 439 pretii
267 360 511 436 recipiendorum
526 377 584 436 spe
598 368 732 422 nostram
748 362 884 438 ipsorum
896 362 1064 423 libertatem
1077 363 1150 424 sub-

166 448 213 508 rui
228 444 411 522 attemptari
426 445 567 521 patimur.
600 447 669 522 quis
683 445 762 506 enim
777 463 838 506 non
852 446 935 506 videt
948 446 1029 506 viam
1044 447 1148 520 regiae

167 527 322 592 societatis
335 529 450 604 quaeri,
468 545 529 605 qua
539 530 711 590 Romanurn
723 529 842 604 foedus
857 543 918 605 quo
931 536 1036 590 nostra
1047 528 1149 590 omnia

167 615 373 686 continentur,
394 613 546 674 violetur?
566 613 625 674 nisi
639 613 699 673 hoc
714 612 840 674 dubium
853 613 943 673 alicui
957 620 1019 688 est,
1033 613 1147 672 bellan·

166 696 406 758 dumRomauis
428 711 496 758 cum
516 696 631 758 Perseo
653 713 740 770 esse,
762 705 793 757 et
813 697 898 774 quod
918 695 989 756 vivo
1005 694 1150 771 Philippo

166 786 386 856 exspectatum,
400 788 498 841 morte
509 781 575 842 eius
588 781 809 855 interpellatum
823 779 923 854 estid
936 786 1147 854 postmortem

164 863 296 940 Philippi
311 864 453 925 futurum.
482 864 576 937 duos,
593 872 625 924 ut
638 863 738 938 scitis,
760 861 866 925 habuit
880 862 961 924 lilios
975 862 1145 939 Philippus,

164 947 348 1009 Demetrium
365 953 395 1007 et
409 947 531 1008 Persea.
567 961 680 1022 genere
694 955 847 1022 materno,
868 947 992 1023 virtute,
1015 948 1150 1022 ingenio,

165 1033 272 1094 lavore
291 1029 495 1092 Macedonum
516 1031 608 1106 longe
626 1029 778 1107 praestitit
790 1030 972 1092 Demetrius.
1004 1031 1061 1091 sed
1076 1029 1149 1106 quia

164 1116 195 1174 in
210 1115 372 1188 Romanos
382 1114 446 1176 odii
460 1129 588 1189 regnum
604 1123 750 1190 posuerat
764 1115 947 1191 praemium,
962 1115 1148 1176 Demetrium

164 1200 247 1260 nullo
262 1199 323 1259 alio
338 1198 463 1258 erimine
477 1213 570 1273 quarn
584 1199 741 1260 Romanae
755 1197 904 1260 amicitiae
918 1197 1010 1258 initae
1025 1197 1146 1271 oceidit,

163 1281 291 1358 Persea,
313 1298 403 1359 quern
423 1284 539 1360 populo
554 1283 693 1344 Romano
715 1283 801 1358 prius
819 1297 939 1358 poenae
955 1297 1045 1358 quarn
1059 1282 1145 1356 regni

164 1367 309 1428 heredem
331 1368 464 1427 laturum
485 1366 614 1442 sciebat,
640 1381 743 1442 regem
765 1367 845 1428 iecit.
881 1367 984 1443 itaque
1005 1363 1078 1442 quid
1098 1364 1150 1426 hic

164 1458 237 1526 post
256 1456 384 1512 mortem
405 1451 502 1526 patris
516 1451 578 1526 egit
602 1451 684 1511 aliud
699 1467 790 1526 quam
804 1450 918 1510 bellum
931 1449 1071 1524 paravit?
1089 1449 1149 1509 Ba·

164 1531 1147 1608 starnasprimumadterroremomniuminDardaniumimmisit3

165 1617 259 1692 quisi
274 1617 380 1676 sedem
395 1631 463 1674 eam
477 1611 654 1688 tenuissent,
670 1616 828 1690 graviores
848 1630 904 1678 eos
917 1617 1041 1676 accolas
1055 1613 1147 1674 Grae·

165 1700 212 1760 eia
225 1697 385 1760 habuisset
400 1714 491 1773 quam
505 1699 582 1758 Asia
594 1697 697 1758 Gallos
711 1697 851 1758 habehat.
875 1713 912 1758 ea
926 1713 984 1772 spe
997 1699 1147 1774 depulsus

155 1799 226 1852 non
246 1789 346 1844 tamen
367 1783 439 1843 belli
459 1780 588 1844 consilia
609 1782 725 1844 omisit:
745 1783 853 1855 immo,
876 1781 903 1842 si
917 1797 991 1842 vere
1005 1783 1147 1845 volumus

165 1867 277 1941 dicere,
291 1867 351 1927 iam
362 1864 517 1927 inchoavit
527 1865 649 1927 bellum.
671 1866 832 1943 Dolopiam
844 1866 935 1926 armis
947 1865 1077 1941 subegit,
1090 1881 1149 1927 nee

164 1957 369 2024 provocantes
394 1951 433 2010 de
458 1948 676 2011 controversiis
701 1950 741 2010 ad
763 1949 1016 2026 disceptationem
1041 1950 1148 2026 populi

163 2031 294 2094 Romani
313 2032 438 2094 audivit.
472 2035 544 2095 inde
560 2041 772 2111 transgressus
788 2033 908 2109 Oetam,
928 2040 961 2095 ut
975 2041 1102 2110 repente
1116 2035 1148 2094 in

163 2117 265 2177 medio
281 2117 423 2180 umbilico
436 2118 582 2182 Graeciae
595 2119 834 2195 conspiceretur,
849 2117 987 2196 Delphos
999 2118 1148 2179 escendit.

163 2199 242 2262 haec
252 2202 411 2278 usurpatio
426 2201 542 2263 itineris
553 2203 666 2264 insoliti
679 2219 740 2278 quo
752 2202 841 2263 vobis
854 2211 995 2279 spectare
1008 2203 1150 2264 videtur?

162 2280 354 2362 Thessaliam
368 2286 490 2346 ‘deinde
515 2287 704 2362 peragravit=
733 2285 817 2360 quod
838 2287 906 2346 sine
921 2285 1020 2362 ullius
1041 2301 1148 2348 eorum

165 2384 244 2443 quos
260 2369 368 2431 oderat
380 2371 483 2444 noxia,
498 2370 557 2428 hoc
571 2371 668 2445 magis
684 2368 911 2444 temptationem
926 2376 1038 2430 metuo.
1073 2370 1145 2428 inde

111 2464 113 2468 ·
162 2452 277 2512 litteras
293 2453 334 2512 ad
348 2468 406 2514 nos
418 2469 486 2514 cum
497 2452 632 2513 muneris
645 2452 750 2528 specie
762 2450 851 2526 misit,
866 2458 896 2511 et
908 2453 1042 2529 cogitare
1053 2449 1145 2523 iubet,

140 2541 141 2544 ’
164 2536 334 2609 quomodo
349 2536 378 2596 in
393 2535 545 2612 reliquum
560 2537 619 2596 hoc
633 2550 759 2595 munere
772 2549 834 2594 non
850 2550 1004 2610 egeamus,
1022 2535 1082 2596 hoc
1098 2541 1147 2595 est

163 2624 196 2680 ut
210 2619 376 2696 decretum,
392 2637 454 2696 quo
469 2627 610 2681 arcentur
619 2619 835 2694 Peloponneso
848 2619 1043 2693 Macedones,
1058 2620 1145 2680 tolla·

162 2718 248 2774 mus;
278 2720 385 2768 rursus
407 2706 524 2780 legatos
538 2705 656 2782 regios,
680 2711 711 2765 et
724 2703 858 2779 hospitia
873 2719 941 2764 eum
956 2703 1145 2780 principibus

163 2793 194 2848 et
213 2803 288 2848 mox
304 2786 508 2850 Macedonum
527 2790 696 2864 exercitus,
717 2788 817 2864 ipsum
839 2803 965 2864 quoque
986 2786 1145 2864 aDelphis

163 2879 362 2948 —quantum
383 2872 464 2933 enim
486 2873 631 2935 interfluit
650 2874 833 2934 iretumt—
846 2871 1076 2933 traicientemin
1090 2869 1145 2930 Pe·

165 2955 369 3030 loponnesum
379 2955 547 3032 videamus,
560 2959 784 3019 immisceamur
794 2955 1014 3018 Macedonibus
1026 2971 1145 3016 arman-

163 3037 245 3099 tibus
260 3055 296 3100 se
311 3040 462 3101 adversus
476 3042 643 3104 Romanos.
666 3057 724 3117 ego
741 3040 814 3101 nihil
828 3039 899 3102 novi
912 3055 1026 3101 censeo
1039 3040 1144 3100 decer-

164 3123 312 3198 nendum,
339 3126 554 3201 servandaque
575 3125 675 3188 omnia
694 3125 827 3201 integra,
854 3125 954 3186 donec
976 3124 1016 3184 ad
1031 3128 1145 3184 certum

162 3206 326 3282 redigatur,
338 3223 477 3269 vanusne
489 3209 538 3270 hic
550 3211 638 3270 timor
649 3214 755 3270 noster
766 3225 804 3268 an
815 3225 909 3270 verus
922 3208 1021 3270 luerit.
1043 3207 1070 3268 si
1082 3221 1145 3282 pax

164 3290 311 3352 inviolata
333 3291 412 3352 inter
431 3292 618 3354 Macedonas
637 3293 859 3369 Romanosque
880 3293 1028 3368 manebit,
1054 3288 1144 3350 nobis

165 3389 289 3450 quoque
310 3375 440 3437 amicitia
454 3384 484 3438 et
498 3375 713 3437 commercium
728 3376 781 3438 sit=
805 3392 885 3439 nunc
900 3378 939 3438 de
954 3391 992 3438 eo
1010 3373 1144 3449 cogitare

163 3455 370 3526 periculosum
385 3466 414 3521 et
428 3461 617 3523 immaturum
628 3460 778 3522 videtur.“
