2570 3952
136 227 138 240 .
194 209 256 272 aaa
362 208 579 268 urhunxiv.
603 206 1014 282 c.l1³.ao.oo.[a·v·0·⁵85]

195 364 308 426 flumen
330 362 369 423 ad
390 354 546 436 regionem
568 357 694 422 orientis
714 360 858 420 colerent.
889 363 976 420 tertia
996 374 1070 436 pars
1085 361 1178 440 faeta,
1273 395 1274 400 κ

195 465 286 524 quarn
300 445 400 507 Axius
417 444 456 506 ob
471 441 595 518 oriente,
610 443 731 504 Peneus
744 443 841 516 amnis
856 442 895 503 ab
907 459 1023 506 occasu
1034 445 1178 521 cingunt;
1273 455 1274 526 j

195 532 235 591 ad
250 529 490 606 septentrionem
504 527 586 589 Bora
600 543 689 589 mons
711 525 855 588 obicitur:
878 527 997 588 adiecta
1011 526 1084 589 huic
1098 528 1177 611 parti
1273 587 1274 596 ,

193 613 280 690 regio
303 612 471 688 Paeoniae,
497 627 560 689 qua
582 610 620 671 ab
644 626 758 672 occasu
779 616 900 686 praeter
921 611 1034 687 Axium
1055 627 1176 674 amnem
1273 623 1274 672 l

194 697 375 774 porrigitur;
402 697 525 758 Edessa
547 710 673 771 quoque
694 701 724 755 et
744 694 863 755 Beroea
886 695 994 755 eodem
1010 709 1177 758 concesse·
1273 731 1274 778 3

194 787 273 842 runt.
297 787 405 858 quarta
424 775 616 856 regiotrans
630 779 742 839 Boram
756 787 906 856 montem,
926 795 987 839 una
1002 785 1089 854 parte
1104 794 1176 841 con·
1273 779 1274 810 l

194 864 265 925 finis
279 863 420 944 Illyrico,
442 865 538 924 altera
550 862 655 938 Epiro.
678 860 965 942 capitaregionum,
981 862 1032 922 ubi
1047 863 1176 924 concilia
1273 889 1274 944 j

194 950 311 1022 fierent,
328 947 444 1024 primae
457 947 593 1022 regionis
607 945 825 1022 Amphipolim,
841 946 998 1006 secundae
1012 945 1176 1028 Thessalo-

194 1033 293 1106 nicen,
305 1031 411 1093 tertiae
422 1029 543 1110 Peliam,
557 1036 684 1106 quartae
693 1028 889 1106 Pelagoniam
902 1029 980 1110 fecit.
996 1045 1034 1091 eo
1047 1029 1175 1092 concilia

195 1130 272 1178 suae
289 1113 588 1190 cuiusque-regionis
605 1112 707 1187 indici,
725 1113 887 1189 pecuniam
902 1113 1043 1187 conferri,
1057 1113 1099 1174 ibi
1113 1129 1176 1174 ma-

195 1201 341 1275 gistratus
362 1197 458 1258 creari
480 1196 579 1259 iussit.
600 1196 809 1273 pronuntiavit
829 1195 942 1258 deinde
962 1213 1063 1272 neque
1081 1192 1177 1259 conu·
1273 1235 1274 1238 =

194 1283 277 1344 bium
298 1297 400 1360 neque
420 1280 634 1358 commercium
654 1297 797 1356 agrorum
812 1281 1084 1356 aedificiorumque
1100 1283 1178 1343 inter
1273 1313 1274 1352 ,

195 1382 230 1428 sc
244 1368 366 1442 placere
377 1366 520 1442 cuiquam
531 1363 617 1426 extra
629 1365 707 1427 fines
718 1365 855 1441 regionis
867 1381 942 1425 suae
953 1380 1033 1425 esse.
1054 1365 1178 1426 metalla
1273 1371 1274 1428 i

196 1467 321 1527 quoquc
345 1450 411 1511 ariri
435 1458 528 1525 atque
549 1450 665 1527 argenti
685 1467 748 1510 non
769 1447 922 1522 exerceri,
951 1449 1021 1528 ferri
1043 1457 1074 1510 et
1095 1450 1176 1510 aeris
1273 1461 1274 1474 ³

194 1533 335 1610 permitti.
358 1533 489 1608 vectigal
509 1533 724 1593 exercentibus
746 1533 903 1594 dimidium
918 1532 984 1594 eius
999 1533 1176 1616 impositum
1273 1571 1274 1622 3

196 1618 280 1692 quod
301 1616 523 1693 pependissent
543 1615 618 1691 regi.
647 1623 678 1676 et
698 1618 763 1677 sale
784 1613 1175 1679 invectout'ivetuit.1iar-

195 1701 284 1762 danis
299 1698 508 1776 repetentibus
523 1697 696 1774 Paeoniam,
720 1702 802 1778 quod
818 1708 847 1762 et
862 1717 919 1762 sua
933 1701 1044 1761 fuisset
1058 1709 1088 1762 et
1102 1717 1174 1762 oon·
1273 1693 1274 1762 l

193 1787 293 1845 linens
309 1789 394 1846 esset
404 1782 604 1860 finibus‘suis,
620 1784 760 1846 omnibus
773 1784 847 1845 dare
858 1784 1027 1847 libertatem
1039 1801 1175 1860 pronun·

193 1868 287 1944 tiavit,
304 1868 357 1944 qui
368 1869 426 1928 sub
438 1883 534 1942 regno
545 1866 650 1928 Persei
665 1867 805 1946 fuissent.
825 1876 898 1944 post
909 1884 971 1928 non
982 1867 1175 1944 impetratam
1273 1877 1274 1944 ,

193 1952 358 2011 Paeoniam
380 1951 454 2012 salis
474 1949 690 2012 commercium
706 1951 803 2013 dedit=
825 1953 931 2012 tertiae
945 1950 1064 2027 regioni
1079 1953 1175 2028 impe·
1273 1951 1274 2038 ,

114 2104 115 2109 ἵ
196 2034 280 2106 ravit,
295 2041 330 2094 ut
345 2033 458 2104 Stobos
473 2034 625 2096 Paeoniae
641 2035 835 2110 deveherent,
852 2029 1045 2113 pretiumque
1060 2036 1174 2098 statuit.
1273 2043 1274 2066 ¹

194 2119 333 2178 navalem
353 2117 511 2180 materiam
532 2127 562 2180 et
581 2119 669 2200 ipsos
692 2120 822 2180 caedere
843 2128 873 2182 et
893 2118 971 2181 alios
993 2119 1055 2196 pati
1071 2121 1173 2181 vetuit

193 2202 370 2278 regionibus
384 2218 463 2278 quae
475 2202 595 2264 adfines
606 2202 745 2281 barbaris
758 2211 863 2264 essent
874 2235 917 2287 ··.
931 2211 1062 2279 excepta
1073 2211 1174 2266 autern

193 2287 281 2348 tertia
304 2301 410 2347 omnes
433 2294 520 2358 crant
541 2319 579 2332 -
601 2286 755 2361 permisit,
779 2295 812 2348 ut
832 2287 987 2363 praesidia
1006 2294 1123 2348 armata
1143 2286 1173 2349 in

194 2369 307 2430 finibus
324 2369 468 2430 extremis
483 2368 640 2429 haberent.

277 2453 368 2512 XXX.
389 2452 473 2512 Haec
494 2453 690 2528 pronuntiata
711 2453 808 2528 primo
832 2453 882 2513 die
903 2462 1072 2517 conventus
1088 2456 1174 2516 varie
1273 2495 1274 2510 .

194 2537 373 2596 adfecerunt
387 2535 514 2594 animos.
537 2534 660 2595 libertas
677 2549 799 2611 praeter
814 2553 902 2612 spem
918 2538 1127 2614 dataenexlt,
1143 2549 1172 2601 et
1273 2577 1274 2606 r

193 2621 325 2680 levatum
340 2633 474 2679 annuum
488 2617 629 2695 vectigal.
651 2619 830 2695 regionatim
846 2622 1028 2685 commercio
1044 2623 1171 2683 interru·

193 2705 253 2780 ptis
268 2702 309 2763 ita
324 2702 420 2763 videri
436 2703 568 2764 lacerata
582 2709 736 2779 tamquam
750 2703 893 2765 animalia
906 2705 936 2766 in
949 2713 1033 2768 artus
1045 2707 1171 2767 alterurn

193 2783 318 2854 alterius
343 2785 515 2862 indigentes
541 2785 702 2851 distractas
730 2788 824 2862 adeo,
853 2794 967 2864 quanta
989 2789 1172 2851 Macedonia
1273 2847 1274 2850 ,

192 2877 285 2946 esset,
302 2887 393 2947 quam
409 2868 522 2932 divisui
537 2869 645 2948 facilia,
660 2878 690 2932 et
703 2880 737 2934 ut
747 2889 782 2934 se
794 2873 864 2948 ipsa
875 2874 1017 2948 quaeque
1028 2880 1172 2935 contenta

192 2971 265 3028 pars
287 2963 385 3028 esset,
406 2955 740 3032 Macedones'quoque
760 2957 949 3032 ignorabant.
975 2973 1051 3036 pars
1073 2955 1173 3033 prima
1273 2961 1274 2994 ¹

191 3037 323 3097 Bisaltas
338 3037 438 3112 habet,
455 3039 639 3099 fortissimos
650 3038 735 3100 viros
748 3037 785 3084 -’
798 3048 881 3102 trans
892 3041 1023 3103 Nessum
1035 3043 1173 3103 incolunt

192 3127 222 3180 et
243 3118 324 3180 circa
345 3118 537 3196 Strymonem
555 3153 599 3170 -
619 3129 649 3183 et
663 3125 773 3185 multas
788 3125 907 3201 frugum
924 3127 1126 3202 proprietates
1141 3133 1173 3187 et

190 3203 312 3263 metalla
328 3210 358 3263 et
371 3205 630 3279 opportunitatem
640 3207 845 3284 Amphipolis,
861 3226 941 3285 quae
956 3209 1076 3270 obiecta
1087 3210 1170 3270 clau-

192 3285 235 3347 dit
250 3303 357 3349 omnes
372 3287 411 3346 ab
427 3289 542 3349 oriente
554 3290 621 3350 sole
632 3291 662 3350 in
674 3291 886 3354 Macedoniam
897 3295 1009 3355 aditus.
1032 3293 1171 3356 secunda

190 3386 263 3444 pars
286 3371 500 3432 celeberrimas
520 3373 614 3434 urbes
635 3373 871 3438 Thessalonicen
894 3385 924 3438 et
946 3376 1170 3439 Cassandream

189 3451 298 3529 habet,
324 3455 363 3516 ad
384 3455 444 3516 hoc
463 3455 621 3534 Pallenen,
648 3459 776 3520 fertilem
795 3476 831 3520 ac
852 3459 1028 3536 frugiferam
1041 3468 1169 3522 terrant:
