2570 3952
279 237 474 298 EPITOMAE
489 238 692 300 LIBRORUM
706 239 914 300 avii—LIX.
1041 239 1103 302 305

121 389 185 436 dixit¹
201 398 272 438 eaque
280 384 354 426 omnia
362 383 445 426 reterre
456 387 596 436 quaestorem
606 387 628 425 in
637 386 738 436 publicas
747 385 835 428 tabulas
845 388 923 430 lussit:
940 399 968 429 ex
978 390 1006 431 iis
1014 400 1038 434 se
1049 390 1104 431 viris

121 442 216 483 tortibus
227 439 285 481 dona
299 439 409 480 daturum.
426 449 475 479 cum
488 439 733 491 undiqueNumantiam
741 440 858 482 obsidione
866 441 983 484 clausisset
994 446 1016 482 et
1027 443 1103 484 obsea-

121 507 160 539 sos
175 496 231 536 lame
245 493 331 533 videret
346 493 427 544 urgeri,
442 491 528 541 hostes,
544 494 581 544 qui
595 493 724 544 pabulatum
739 494 848 545 exierant,
864 496 935 536 vetuit
949 496 1028 546 occidi,
1043 496 1102 548 quod

121 550 204 592 diceret
219 547 318 590 velocius
333 557 372 588 eoa
386 546 543 599 absumpturos
557 546 660 588 frumenti
674 547 735 598 quod
746 547 863 600 haberent,
878 549 985 602 sipiares
1000 550 1102 592 inissent,

172 603 249 644 thll.
273 602 307 642 Ti.
325 600 471 653 Sempronius
493 599 607 642 Gracchus
627 601 728 644 tribunus
746 601 820 654 plebis
840 615 888 644 cum
902 603 974 655 legem
994 605 1101 656 agrariam

120 657 188 698 terret
203 655 310 697 adversus
324 654 462 695 voluntatem
477 657 569 696 senatus
583 656 606 696 et
620 657 732 707 equestris
747 656 844 708 ordinis,
860 669 888 697 ne
903 661 954 709 qula
969 669 998 698 ex
1012 659 1102 710 publico

119 722 172 764 agro
186 710 239 763 plur
254 719 320 761 quam
334 708 397 749 mille
411 709 489 760 iugera
502 708 635 762 possideret,
650 710 672 748 in
688 720 737 750 eum
746 709 841 751 iurarem
853 711 942 760 exarsit,
958 711 1022 753 utili.
1036 711 1101 752 Octa·

120 769 156 806 vio
176 763 276 815 collegae
294 772 383 804 causam
402 761 504 803 diversae
524 763 595 814 partis
615 761 743 804 defendenti
763 765 896 816 potestatem
914 765 965 817 lege
979 765 1026 806 lata
1040 767 1093 806 abro

120 822 195 871 garet,
215 827 285 868 seque
304 821 327 858 et
341 815 365 857 C.
382 815 504 856 Gracchum
525 817 614 858 tratrem
633 820 656 856 et
670 819 712 869 Ap.
728 816 845 858 Claudium
859 829 960 861 socerum
975 820 1102 861 triumviros

120 872 149 913 ad
170 869 313 912 dividendum
333 880 409 922 agrum
428 871 521 910 crearet.
546 869 696 922 promulgavit
715 875 737 912 et
751 873 818 912 aliam
832 872 904 924 legem
919 874 1037 925 agrariam,
1059 883 1102 925 qua

121 927 164 970 ribi
184 925 253 966 latius
267 934 348 977 ⁴agrum
363 923 510 976 patefaceret,
532 926 557 963 nt
571 923 639 964 iidem
659 925 768 966 triumviri
783 925 919 976 indicarent,
941 937 984 979 qua
999 925 1102 978 publicus

120 989 184 1031 ager,
207 989 252 1030 qua
270 979 372 1030 privatus
394 980 462 1019 esset.
483 976 564 1018 deinde
584 989 633 1019 cum
653 980 726 1021 minus
739 979 786 1031 agri
801 983 861 1022 asset
877 991 941 1032 quam
956 980 1017 1032 quod
1032 979 1101 1021 dividi

120 1036 198 1087 posset
213 1033 262 1074 sine
282 1031 366 1072 offensa
386 1031 452 1071 etiam
466 1031 552 1082 plebis,
574 1032 676 1084 quoniam
692 1044 730 1074 eos
744 1032 773 1072 ad
788 1033 931 1086 cupiditatem
946 1035 1042 1088 amplum
1057 1045 1101 1075 mo·

120 1088 171 1128 dum
190 1084 294 1140 sperandi
313 1086 455 1134 incitaverat,
479 1085 551 1136 legem
568 1097 593 1128 se
612 1086 800 1139 promulgaturum
819 1087 930 1138 ostendit,
957 1089 1036 1138 ntiis,
1063 1087 1102 1140 qui

119 1142 252 1194 Sempronia
270 1139 320 1191 lege
339 1149 414 1190 agrum
429 1138 531 1190 accipere
545 1137 662 1190 deberent,
683 1143 777 1192 pecunia
792 1153 848 1194 quae
862 1144 922 1194 regis
936 1141 1005 1182 Attali
1021 1141 1102 1183 luisset

119 1194 263 1236 divideretur.
279 1191 384 1234 heredem
399 1195 472 1232 autem
486 1191 592 1244 populum
605 1193 727 1235 Romanum
741 1195 863 1247 reliquerat
876 1195 977 1245 Attalus,
993 1206 1033 1235 rex
1048 1196 1101 1236 Per·

119 1249 189 1301 garni,
209 1247 317 1288 Eumenis
334 1245 402 1287 filius.
427 1248 461 1286 tot
480 1246 647 1298 indignitatibus
667 1251 789 1290 commotus
808 1250 906 1300 graviter
920 1253 1023 1298 senatus,
1049 1251 1101 1288 ante

119 1313 196 1343 omnes
215 1302 240 1342 T.
261 1301 347 1342 Annius
365 1299 501 1349 consularis,
522 1302 561 1352 qui
583 1313 631 1340 cum
651 1303 673 1342 in
693 1305 771 1342 senatu
786 1303 808 1343 ln
829 1301 952 1344 Gracchum
966 1304 1100 1354 perorasset,

107 1359 197 1412 ¹raptus
210 1355 238 1395 ab
254 1365 280 1394 eo
295 1352 323 1393 ad
338 1353 446 1406 populum
462 1353 594 1406 delatusque
609 1355 681 1406 plebi,
702 1366 780 1398 rursus
800 1357 821 1396 ln
837 1367 886 1396 eum
897 1367 940 1450 pro
955 1356 1035 1398 rostris
1049 1366 1100 1396 con·

120 1411 219 1450 tionatua
233 1409 275 1448 ast.
295 1417 344 1447 cum
359 1409 438 1447 iterum
452 1407 555 1449 tribunus
569 1408 642 1460 plebis
657 1409 726 1454 creari
742 1409 812 1449 vellet
827 1409 896 1450 Gracc
914 1421 952 1458 ur,
972 1411 1063 1450 auctore
1076 1409 1102 1448 P.

120 1461 223 1504 Cornelio
237 1461 321 1502 Nasica
335 1463 357 1500 in
373 1460 483 1514 Capitolio
498 1461 525 1501 ab
540 1462 684 1514 optimatibus
699 1463 787 1504 occisus
803 1465 845 1511 est,
862 1463 919 1505 ictus
934 1464 1028 1514 primum
1043 1461 1099 1514 trag-

119 1517 199 1559 mentls
213 1514 383 1564 subselliorum,
399 1517 422 1554 et
435 1513 494 1554 inter
508 1515 575 1566 alios,
592 1517 630 1566 qui
645 1517 667 1556 in
681 1516 759 1556 eadem
773 1515 884 1558 seditione
898 1518 966 1558 occisi
981 1519 1054 1568 crant,
1069 1517 1100 1556 in·

119 1569 222 1623 sepultus
237 1571 258 1608 ιιι
273 1568 353 1608 ilumen
369 1569 488 1620 proiectus.
508 1578 544 1610 res
558 1572 674 1620 praeterea
688 1571 710 1610 in
725 1567 802 1610 Sicilia
821 1570 883 1610 vario
897 1573 978 1610 eventu
993 1569 1101 1612 mversns

119 1625 226 1677 fugitivos
240 1626 317 1674 gestas
333 1622 439 1664 concinet,
616 1655 618 1660 ,

170 1677 228 1720 nix.
248 1675 377 1719 Numantini
396 1675 454 1716 lame
469 1675 538 1715 coacti
558 1675 602 1728 ipsi
617 1686 642 1716 se
657 1685 697 1727 per
710 1675 781 1714 vicem
795 1675 910 1718 tradentes
927 1677 1100 1727 trucidaverunt,

118 1735 205 1783 captam
220 1731 295 1770 urbem
310 1729 387 1782 Scipio
402 1729 521 1771 Africanus
535 1728 620 1768 delevit
634 1731 656 1770 et
672 1727 700 1768 de
715 1739 741 1768 ea
755 1728 906 1782 triumphavit,
924 1733 1004 1782 quarto
1016 1729 1101 1771 decimo

117 1796 174 1826 anno
188 1788 240 1836 post
254 1782 411 1836 Carthaginem
427 1781 530 1824 deletam.
552 1783 576 1822 P.
590 1782 695 1835 Rupilius
709 1783 787 1824 consul
807 1785 829 1823 in
845 1783 923 1826 Sicilia
937 1795 986 1824 cum
1001 1783 1101 1834 fugitivis

118 1837 246 1879 debellavit.
262 1839 401 1879 Aristonicus
416 1835 476 1887 regis
487 1837 594 1877 Eumenis
608 1835 668 1878 fliius
679 1836 753 1878 Asiam
764 1838 890 1890 occupavit,
906 1848 955 1884 curu
967 1840 1100 1879 testamento

118 1891 187 1933 Attali
206 1891 265 1943 regis
284 1891 357 1942 legata
377 1890 460 1943 populo
478 1889 577 1932 Romano
597 1891 669 1932 libera
687 1901 739 1931 esse
758 1889 856 1930 deberet.
875 1890 983 1933 adversus
1004 1903 1053 1931 eum
1073 1891 1098 1932 P.

117 1944 215 1986 Licinius
230 1944 325 1986 Crassus
340 1943 428 1994 consui,
444 1955 493 1984 cum
508 1943 565 1984 idem
579 1942 681 1994 pontiiex
694 1945 804 1986 mutunus
818 1947 891 1994 esset,
907 1945 968 1997 quod
982 1955 1100 1998 numquam

117 2001 184 2039 autea
199 1997 279 2038 factum
294 2000 348 2048 erat,
364 2000 428 2038 extra
441 1996 528 2039 ltaliam
542 1997 662 2050 proiectus,
678 1997 764 2049 proelio
779 1999 853 2040 victus
868 2001 890 2038 et
905 2001 994 2040 occisus
1009 2002 1051 2042 est.
1067 1999 1098 2040 iil.

118 2053 229 2104 Perperna
243 2051 319 2094 consul
334 2052 416 2092 victum
431 2052 579 2092 Aristonicum
599 2053 621 2092 ln
636 2050 771 2092 deditionem
785 2053 879 2104 accepit.
899 2051 927 2097 Q.
943 2053 1063 2104 Pompeius
1078 2056 1100 2093 et

118 2107 146 2151 o.
161 2103 279 2154 Meteilus,
298 2108 352 2146 tunc
367 2105 460 2158 primum
474 2107 562 2156 utrique
577 2116 605 2145 ex
624 2105 689 2159 plebe
703 2105 756 2146 lacti
767 2099 889 2154 censores,
909 2106 1005 2147 lustrum
1025 2107 1099 2147 condi·

118 2163 211 2210 peruntr
231 2169 298 2200 censa
317 2161 368 2200 sunt
389 2159 470 2200 civium
491 2161 563 2212 capita
583 2161 682 2200 trecenta
700 2160 858 2212 septemdecim
878 2159 951 2208 milia,
973 2161 1100 2212 octingenta

119 2215 197 2266 viginti
212 2213 261 2262 tria,
277 2215 365 2264 praeter
380 2211 479 2265 pupillos
494 2216 516 2252 et
531 2211 617 2254 viduas.
632 2211 660 2256 G.
675 2213 782 2255 Metellus
797 2223 876 2255 censor
891 2213 984 2262 censuit,
999 2217 1024 2253 ut
1035 2225 1098 2266 coge·

118 2270 195 2308 rentur
210 2276 286 2307 omues
301 2265 381 2306 ducere
396 2276 478 2306 uxores
494 2265 612 2307 liberorum
626 2266 769 2306 creandorum
784 2277 858 2309 causa.
875 2268 950 2308 exstat
963 2268 1033 2306 oratio
1043 2268 1098 2318 eius,
1144 2307 1146 2312 ,

117 2332 183 2373 quam
197 2321 311 2372 Augustus
326 2318 420 2368 Caesar,
439 2329 487 2359 cum
507 2320 534 2360 do
548 2319 678 2362 maritandis
692 2321 807 2362 ordinibus
821 2323 909 2375 ageret,
928 2319 992 2360 velut
1007 2321 1028 2360 in
1043 2320 1098 2362 hacc

117 2381 217 2426 tempora
235 2375 339 2425 scriptam
359 2375 382 2414 in
401 2376 480 2414 senatu
495 2372 605 2413 recitavit.
627 2374 652 2416 C.
671 2374 847 2417 Atiniushabeo
863 2373 1053 2426 tribunusplebis
1069 2375 1097 2419 G.

117 2427 232 2470 iiletelinm
247 2438 367 2477 censorem,
383 2438 396 2466 a
411 2437 456 2479 quo
470 2426 493 2466 in
508 2430 587 2469 senatu
601 2426 622 2466 le
639 2427 695 2467 endo
710 2429 844 2481 praeteritus
859 2430 912 2476 erat,
928 2426 956 2468 de
970 2439 1025 2470 saxo
1040 2429 1098 2471 deici

117 2482 195 2531 iussit,
216 2481 277 2532 quod
291 2493 319 2522 ue
337 2481 412 2531 fieret,
433 2483 499 2521 ceteri
514 2481 686 2534 tribunlpebis
699 2483 783 2523 auxilio
798 2481 894 2523 inerunt.
910 2493 959 2522 cum
974 2481 1045 2523 Carbo
1059 2484 1098 2524 tri·

116 2537 188 2578 hunus
203 2535 277 2588 plebis
290 2536 428 2587 rogationem
443 2533 539 2586 tulisset,
555 2537 580 2576 ut
594 2535 687 2576 cundem
702 2537 813 2577 tribunum
828 2535 901 2588 plebi,
916 2536 1005 2587 quotics
1020 2537 1097 2586 vellet,

116 2600 191 2629 creare
212 2588 302 2639 liceret,
323 2590 458 2642 rogationem
479 2591 527 2631 eius
543 2589 570 2631 Ρ.
585 2589 701 2631 Airicanus
715 2591 847 2642 gravissima
863 2590 963 2630 oratione
979 2589 1098 2641 dissuasit;

116 2645 138 2682 in
159 2654 204 2694 qna
223 2641 280 2682 dixit
299 2643 332 2683 Ti.
355 2641 478 2684 Gracchum
498 2644 545 2684 iure
561 2654 649 2684 caesum
664 2643 743 2688 videri.
766 2645 790 2687 C.
808 2644 922 2686 Gracchus
936 2647 1012 2684 contra
1027 2647 1099 2686 suasit

116 2697 264 2747 rogationem:
288 2695 327 2736 sed
346 2695 424 2748 Scipio
444 2698 523 2738 tenuit.
543 2697 604 2737 bella
623 2699 681 2738 inter
699 2697 831 2740 Antiochum
849 2697 928 2750 Syriae
943 2700 966 2738 et
979 2697 1098 2739 Phraateur

116 2747 249 2789 Parthorum
267 2758 342 2798 regem
360 2751 437 2800 gesta,
457 2761 499 2789 nec
518 2753 587 2802 magis
606 2752 695 2802 quietae
708 2763 744 2794 res
759 2753 855 2805 Aegypti
870 2753 1002 2792 reseruntur.
1022 2753 1096 2792 Ptole·

116 2813 193 2844 maeus
207 2801 330 2854 Euergetes
345 2802 517 2854 cognominatus,
533 2805 561 2842 ob
578 2806 665 2845 nimiam
674 2805 827 2847 crudelitatem
840 2807 887 2848 suis
899 2806 992 2854 invisus,
1008 2805 1098 2846 incensa

116 2867 130 2896 a
144 2855 227 2908 populo
241 2857 302 2908 regia
315 2856 371 2896 clam
386 2855 472 2908 Cypron
488 2856 586 2908 profugit
587 2873 598 2910 ,-
618 2860 641 2898 at
656 2870 703 2899 curu
718 2861 788 2902 sorori
802 2861 851 2902 eius
866 2859 1010 2911 Cleopatrae,
1031 2870 1097 2912 quam

116 2907 162 2950 iiiia
182 2910 231 2950 eius
250 2909 336 2960 virgine
354 2919 395 2962 per
414 2911 457 2950 vlnr
472 2921 598 2962 compressa
617 2913 685 2964 atque
698 2915 720 2953 in
735 2914 896 2955 matrimonium
912 2911 978 2951 ducta
991 2912 1095 2964 repudia-

116 2966 192 3013 verat,
212 2973 302 3014 regnum
316 2975 329 3004 a
343 2963 427 3017 populo
443 2963 518 3006 datum
533 2967 606 3013 esset,
626 2965 726 3009 intensus
740 2968 808 3008 tilium
823 2977 932 3019 quemnex
946 2964 985 3005 illa
1000 2965 1096 3007 habebat

115 3017 184 3070 Cypri
203 3017 308 3067 occidit,
320 3021 431 3070 caputque
447 3021 496 3060 eius
516 3022 539 3058 et
558 3029 636 3061 manus
655 3023 678 3061 et
688 3021 759 3074 pedes
777 3025 840 3062 matri
855 3020 924 3062 misit.
946 3019 1069 3063 seditiones
1083 3033 1096 3060 a

116 3071 238 3113 triumviris
252 3071 329 3112 Fulvio
340 3071 420 3112 Flacco
434 3075 456 3113 et
468 3071 494 3114 C.
507 3070 607 3114 Graccho
621 3075 644 3114 et
657 3073 681 3115 C.
692 3075 781 3128 Papirio
792 3074 892 3116 Carbone
908 3085 959 3125 agro
974 3073 1095 3115 dividendo

114 3127 196 3166 creatis
210 3127 332 3175 excitataes
347 3126 429 3177 quibus
443 3137 491 3167 cum
506 3127 532 3166 P.
546 3126 622 3180 Scipio
635 3127 753 3170 Africanus
766 3128 929 3178 adversaretur,
946 3128 1056 3180 sortisque
1070 3141 1096 3168 ac

114 3178 204 3219 validus
219 3178 246 3218 de
261 3178 298 3218 die
312 3177 399 3220 domum
412 3191 438 3222 se
452 3183 585 3232 recepisset,
606 3184 707 3225 mortuus
721 3183 744 3222 in
759 3182 861 3224 cubiculo
877 3183 981 3222 inventus
997 3187 1039 3232 est.
1060 3195 1095 3223 su·

114 3235 192 3286 specta
207 3231 260 3282 init,
281 3233 392 3285 tanmuam
406 3233 426 3272 ei
442 3245 550 3275 venenum
566 3234 677 3284 dedisset,
698 3236 911 3290 Sempronianam
926 3234 978 3275 hinc
992 3234 1094 3285 maxime,

114 3286 175 3338 quod
189 3295 253 3327 soror
266 3289 327 3327 esset
339 3284 493 3336 Gracchorum,
509 3299 558 3328 curn
568 3289 648 3340 quibus
663 3290 766 3332 simultas
776 3290 879 3330 Alricano
890 3289 971 3329 iuerat.
987 3288 1014 3328 de
1026 3291 1095 3329 morte

113 3345 187 3380 tamen
206 3340 255 3380 eius
275 3339 336 3379 nulla
356 3341 457 3391 quaestio
477 3342 533 3382 acta.
553 3354 580 3382 eo
596 3342 700 3384 deiuncto
722 3343 845 3386 seditiones
858 3341 1007 3384 triumvirales
1021 3343 1095 3384 acrius

114 3394 253 3436 emiserunt.
274 3391 299 3433 C.
313 3391 457 3445 Sempronius
472 3395 548 3438 consul
563 3394 671 3439 adversus
686 3397 780 3449 lapydas
795 3399 865 3450 primo
879 3407 926 3437 rem
940 3394 997 3436 male
1011 3397 1097 3446 gessit,

113 3459 166 3488 mox
185 3446 278 3486 victoria
297 3445 383 3487 cladem
402 3451 514 3500 acceptam
534 3450 659 3491 emendavit
679 3453 761 3492 virtute
781 3451 810 3492 D.
826 3452 882 3492 lunii
896 3449 971 3498 Bruti,
991 3451 1040 3490 cius
1055 3452 1094 3490 uui

112 3501 250 3543 Lusitaniam
265 3501 390 3552 subegerat.

155 3575 179 3616 r.
197 3572 271 3615 crvrr
284 3573 360 3616 raas
375 3560 413 3618 V.
600 3627 602 3636 y
853 3569 887 3620 ιο
