2574 3954
301 203 418 268 LIBlllt
437 203 525 267 xLll.
549 205 632 268 CAP.
647 213 746 271 sese
763 212 799 280 [a
815 212 848 265 c.
864 212 925 279 171]
1042 203 1100 272 177

121 357 301 421 Athenaeus
316 354 521 432 praepositus.
537 363 568 417 et
581 357 640 418 alia
653 355 764 419 eodem
778 359 890 420 auxilia
903 360 1049 423 Romanis
1062 375 1105 422 err

123 440 264 504 omnibus
279 439 416 516 undtque
430 438 577 502 Graeciae
591 441 716 518 populis
732 449 950 520 convenerunt,
972 457 1102 520 quorum

121 528 273 602 pleraque
289 547 333 566 -·-
354 523 434 585 adeo
449 537 545 600 parva
558 532 700 586 erant-
713 527 744 586 in
760 521 946 590 oblivionem
959 527 1103 590 adducta.

120 607 338 685 Apolloniatae
351 614 511 670 uacentos·
521 607 650 684 equites,
673 616 795 670 centaan
808 609 930 686 pedites
945 611 1103 674 miserunt.
1205 607 1206 612 ’

120 693 302 754 Aetolorum
317 692 384 752 alae
397 691 489 752 unius
504 691 610 766 instar,
625 699 772 768 quantum
786 695 825 754 ab
839 699 903 754 tota
913 701 1004 770 gente
1015 695 1103 770 equi-

122 785 186 838 tum
202 775 290 852 [erat]
305 782 467 849 venerant,
489 782 520 837 et
532 774 749 838 Thessalorum
769 776 869 838 omnis
884 777 1039 853 equitatus
1053 793 1103 840 se-

122 866 250 936 paratus
276 864 356 933 erat,
382 873 442 920 non
465 858 536 934 plus
560 874 652 933 quam
668 860 801 921 trecenti
822 867 909 921 erant
929 861 1049 938 equites
1071 860 1103 922 in

123 943 232 1005 castris
248 941 405 1004 Romanis.
426 940 543 1002 Achaei
564 941 729 1004 iuventutis
744 958 820 1005 suae
837 942 956 1004 helico
972 943 1105 1005 maxime

124 1033 244 1088 armatu
257 1025 297 1085 ad
310 1025 392 1088 mille
405 1026 591 1102 quingentos
606 1026 773 1088 dederuut..

207 1107 284 1170 LVI.
306 1107 371 1170 Sub
384 1110 466 1171 idem
479 1116 602 1186 tempus
616 1117 646 1170 et
667 1110 699 1171 C.
713 1110 874 1174 Lueretius
888 1118 1028 1187 praetor,
1050 1113 1104 1187 qui

123 1191 253 1280 pambus
269 1201 410 1269 praeerat
420 1193 462 1254 ad
473 1192 706 1270 Cephalleniam,
720 1193 762 1254 Μ.
773 1194 915 1256 Lucretio
928 1195 1021 1258 tratre
1035 1210 1104 1256 cum

123 1280 226 1340 classe
247 1291 345 1354 super
362 1277 492 1338 Maleam
513 1275 687 1338 Chalcidem
706 1277 794 1340 iusso
816 1285 921 1355 petere
935 1279 1004 1354 ipse
1018 1278 1104 1340 trire-

124 1377 206 1423 mem
220 1361 417 1436 conscendit,
439 1361 540 1421 sinum
553 1359 741 1423 Corinthium
754 1369 864 1438 petens
880 1361 921 1422 ad
935 1375 1103 1438 praeoccu-

123 1446 243 1522 pandas
262 1445 294 1506 in
314 1443 443 1507 Boeotia
456 1459 518 1504 res.
539 1443 655 1507 tardior
668 1445 696 1505 ei
711 1445 864 1520 rangario
880 1451 1007 1521 propter
1019 1445 1103 1507 infir·

123 1528 256 1592 mitatem
268 1529 413 1604 eorporis
427 1527 493 1588 luit
513 1527 554 1588 Μ.
569 1527 732 1590 Lucretius
743 1529 918 1590 Chalcidem
933 1527 1103 1590 adveniens

124 1629 194 1676 cum
210 1612 271 1674 aP.
286 1613 414 1673 Lentulo
425 1611 593 1672 Haliartum
605 1612 777 1689 oppugnari
788 1611 942 1688 audisset,
957 1609 1104 1688 nundum,

125 1697 278 1774 praetoris
299 1694 402 1762 verhis
423 1695 477 1772 qui
501 1695 670 1770 abscedere
690 1712 761 1759 eum
781 1696 853 1757 inde
865 1695 997 1770 iuberet,
1013 1694 1104 1757 misit.

124 1782 311 1842 Boeotorum
322 1780 488 1854 iuventute,
502 1795 584 1856 quae
592 1795 665 1856 pars
677 1795 746 1842 cum
757 1779 904 1841 Romanis
916 1780 1025 1854 stabat,
1037 1795 1105 1840 eam

123 1879 189 1925 rem
202 1865 370 1940 adgressus
385 1865 504 1939 legatus
520 1877 539 1924 a
552 1865 714 1925 moenibus
727 1862 891 1924 abscessit.
915 1861 992 1923 haec
1003 1863 1105 1924 soluta

124 1947 245 2010 obsidio
267 1949 369 2008 locum
390 1946 477 2008 alteri
498 1961 599 2008 novae
613 1947 767 2009 obsidioni
781 1945 880 2008 dedit=
902 1960 1035 2022 namque
1049 1961 1107 2006 ex-

124 2031 237 2108 templo
251 2030 291 2090 Μ.
306 2029 466 2094 Lucretius
483 2045 552 2092 cum
571 2031 709 2092 exercitu
724 2031 840 2104 navali,
861 2031 968 2090 decem
982 2029 1105 2094 milibus

125 2121 324 2188 annulorum,
350 2114 470 2176 adhoc
492 2115 615 2176 duobus
635 2113 757 2176 milib'us
777 2113 947 2188 regiorum,
974 2113 1025 2188 qui
1046 2115 1104 2175 sub

126 2198 285 2260 Athenaeo
306 2205 409 2273 erant,
433 2198 601 2258 Haliartum
622 2196 834 2266 circumsedita
863 2195 1105 2273 parantibusque

126 2283 184 2342 iam
199 2296 379 2358 oppugnare
387 2282 568 2357 supervenit
577 2297 598 2340 a
608 2281 724 2343 Creusa
737 2287 871 2358 praetor.
894 2280 935 2340 ad
946 2277 1029 2340 idem
1039 2279 1105 2358 iere

125 2373 247 2442 tempus
262 2373 293 2427 et
312 2361 350 2426 ab
366 2363 460 2428 sociis
475 2379 571 2427 naves
587 2364 760 2428 Chalcidem
776 2371 1002 2437 convenerunt,
1022 2363 1105 2428 duae

124 2450 256 2510 Punicae
271 2449 518 2526 quinqueremes,
541 2449 621 2512 duae
636 2449 674 2511 ab
688 2449 837 2510 Heraclea
852 2463 892 2509 ex
905 2447 1003 2509 Ponto
1018 2445 1103 2508 trire—

124 2549 205 2610 mes,
228 2538 372 2610 quattuor
385 2531 594 2608 Chalcedone,
616 2533 743 2596 totidem
757 2531 867 2608 Samo,
889 2539 953 2594 tum
969 2531 1105 2607 quinque

123 2617 264 2680 Rhodiae
285 2616 506 2694 quadriremes.
533 2617 590 2680 has
612 2623 747 2694 praetor,
775 2617 848 2693 quia
868 2631 1020 2690 nusquam
1040 2621 1106 2676 arat

123 2699 307 2762 maritimum
328 2700 455 2776 bellum,
478 2700 598 2762 remisit
617 2700 722 2762 sociis.
745 2707 776 2761 et
788 2700 825 2775 Q.
840 2699 972 2760 Marcius
988 2696 1104 2760 Chalei-

123 2786 196 2846 dem
216 2769 346 2846 namins
366 2783 451 2846 venit
466 2785 568 2860 Alope
588 2790 693 2860 capta,
713 2783 831 2858 Larisa,
854 2797 934 2858 quae
950 2781 1105 2843 Cremaste

123 2869 243 2943 dicitur,
260 2875 447 2944 oppugnata.

211 2951 284 3012 Cum
305 2951 355 3013 hic
374 2957 473 3014 status
494 2951 526 3012 in
544 2950 673 3012 Boeotia
693 2957 792 3025 esset,
817 2949 951 3010 Perseus
972 2963 1042 3010 cum
1064 2947 1106 3008 ad

127 3035 299 3116 Sycurium,
314 3035 395 3096 sicut
405 3045 475 3097 ante
486 3034 600 3098 dictum
612 3040 667 3110 est,
684 3033 939 3108 mauvahaheret,
953 3033 1105 3096 frumento

125 3119 264 3196 undique
278 3118 360 3182 circa
371 3134 413 3180 ex
424 3120 506 3196 agris
519 3125 678 3194 convecto,
693 3115 925 3180 adrastandum
936 3114 1106 3178 Pheraeum

125 3219 232 3281 agrum
245 3201 335 3280 misit,
350 3209 435 3266 ratus
449 3204 490 3264 ad
504 3203 655 3265 iuvandas
671 3204 827 3266 sociorum
840 3201 935 3263 urbes
949 3200 1071 3276 longius
1086 3215 1106 3258 a

126 3285 237 3350 castris
251 3286 423 3350 auruncus
438 3285 627 3365 deprehendi
640 3287 797 3350 Romanos
812 3297 917 3364 posse.
940 3298 1021 3359 quos
1036 3297 1106 3342 eum

125 3389 164 3435 eo
178 3370 308 3434 tumultu
321 3371 395 3433 nihil
408 3377 509 3434 motos
524 3369 799 3448 animadvertisset,
819 3366 966 3447 praedam
982 3363 1106 3442 quidem

126 3462 341 3534 praeterquam
361 3455 517 3518 hominum
536 3487 579 3502 -
598 3469 713 3532 peoora
733 3460 833 3517 autem
853 3449 986 3513 maxime
1006 3447 1106 3510 omnis

171 3557 197 3598 r.
213 3554 275 3598 arur
289 3553 367 3600 raas
381 3543 419 3600 V.
867 3542 901 3598 12
