2574 3954
141 197 389 272 ‘tranantur
413 211 495 270 cnr.
509 221 550 272 n.
564 220 606 273 n.
622 221 664 274 rc.
686 217 765 288 [tu.
775 221 867 276 onas.
882 237 906 273 t.
919 219 952 275 c.
964 221 1027 288 169]
1055 216 1117 322 rao

134 367 246 430 Furius
256 365 359 426 Philus
371 374 401 427 et
414 367 445 427 O.
456 365 562 427 Livius
574 365 734 435 Salinator.
753 367 784 427 in
795 367 895 429 locum
903 367 1115 430 FuriiT.Man·

136 452 211 512 lium
221 453 415 526 Torquatum,
434 450 464 508 in
475 449 552 510 Livii
562 449 602 510 Μ.
616 449 778 512 Servilium
793 452 956 532 pontifices
967 453 1114 528 legerunt.

219 533 283 595 Xll.
311 533 463 609 Principio
483 533 673 609 insequentis
695 535 767 595 anni
787 551 856 596 curn
877 537 1022 597 consules
1043 539 1116 598 novi

135 619 171 694 Q.
195 617 331 678 Marcius
356 625 386 678 et
401 619 462 678 bn.
489 616 636 678 Servilius
662 619 702 678 de
727 617 895 693 provinciis
920 621 1116 695 rettulissent,

135 701 236 778 primo
253 718 378 777 quoque
391 707 531 775 tempore
542 708 594 762 aut
605 717 785 776 comparare
797 719 853 763 cos
864 704 942 764 inter
952 719 988 765 se
999 705 1115 766 ltaliam

133 793 166 847 et
180 785 391 846 Macedoniam
407 794 459 846 aut
473 785 574 846 sortiri
588 785 718 860 placuit2
734 787 912 862 priusquam
924 786 956 847 id
968 803 1038 848 sors
1050 803 1115 849 cer-

134 876 237 944 neret,
257 871 287 928 in
308 869 473 943 incertum,
499 885 538 930 ne
560 870 633 945 quid
654 871 751 944 gratia
771 870 914 931 momenti
931 871 1059 946 laceret,
1084 872 1115 931 in

135 961 298 1028 utramque
319 951 508 1029 provinciam
533 954 618 1029 quod
638 969 689 1013 res
705 954 896 1016 desideraret
910 956 1114 1030 supplementi

133 1035 270 1098 decerni.
295 1038 325 1096 in
345 1037 556 1097 Macedoniam
580 1037 714 1111 peditum
729 1038 939 1099 Romanorum
953 1053 1011 1099 sex
1023 1037 1114 1116 milia,

132 1122 291 1182 sociorum
306 1120 437 1183 nominis
455 1121 550 1181 Latini
565 1135 623 1180 sex
637 1122 735 1192 milia;
753 1123 872 1196 equites
887 1123 1044 1184 Romanos
1059 1123 1114 1183 du-

135 1213 243 1266 centos
269 1204 504 1281 quinquaginta,
536 1204 639 1265 socios
664 1211 828 1266 trecentos.
859 1212 980 1266 veteres
1004 1205 1114 1266 milites
1172 1272 1174 1277 .

133 1288 253 1362 dimitti,
275 1289 316 1348 ita
330 1289 406 1350 utin
422 1287 560 1363 singulas
575 1288 729 1349 Romanas
744 1289 882 1364 legiones
896 1305 936 1348 ne
954 1290 1024 1364 plus
1040 1306 1116 1350 sena

132 1371 218 1432 milia
231 1373 382 1448 pediturn,
407 1370 521 1432 treceni
537 1371 655 1451 equites
671 1380 785 1432 essent.
814 1373 901 1444 alteri
916 1373 1035 1434 consuli
1049 1375 1115 1433 nul-

132 1455 184 1516 lus
201 1464 303 1517 certus
320 1457 423 1516 linitus
439 1471 584 1516 numerus
601 1455 711 1516 civium
726 1456 949 1530 Romanorum,
976 1471 1066 1533 quern
1084 1457 1114 1516 in

136 1542 385 1616 supplementum
399 1542 525 1614 legeret.
540 1539 571 1600 id
585 1540 679 1600 modo
696 1540 821 1614 linitum,
835 1547 869 1602 ut
883 1541 961 1602 duas
976 1540 1114 1615 legiones

134 1623 292 1698 scriberet,
309 1638 390 1698 quae
407 1624 499 1698 quina
513 1621 595 1684 milia
609 1625 746 1698 peditum
760 1633 791 1686 et
804 1625 942 1686 ducenos
957 1623 1114 1699 haberent,

134 1707 256 1784 equites
266 1716 422 1769 trecenos.
445 1707 621 1768 Latinorum
635 1709 733 1769 maior
748 1725 840 1784 quam
856 1708 993 1782 collegae
1007 1708 1115 1769 decre·

134 1798 186 1852 tus
206 1807 366 1867 numerus,
388 1790 524 1867 peditum
545 1790 652 1852 decem
672 1791 754 1852 milia
776 1799 806 1852 et
825 1792 964 1853 sexcenti
984 1790 1114 1866 equites.

136 1882 280 1950 quattuor
300 1883 459 1950 praeterea
480 1875 616 1950 legiones
639 1875 732 1936 scribi
753 1876 872 1949 iussae,
894 1891 989 1951 quae,
1010 1875 1114 1950 siquo

138 1974 218 2035 rpus
239 1967 336 2034 esset,
358 1959 569 2020 educerentur.
598 1959 737 2020 tribunos
752 1960 789 2020 iis
806 1975 867 2020 non
883 1958 1068 2036 permissum
1082 1965 1116 2020 ut

134 2046 280 2105 consules
297 2044 446 2104 lacerent=
468 2043 603 2117 populus
618 2041 743 2104 creavit.
765 2043 858 2104 sociis
874 2042 1005 2105 nominis
1016 2042 1116 2104 Latini

134 2126 293 2187 sexdecim
312 2126 395 2186 milia
414 2127 549 2202 peditum
571 2134 602 2186 et
620 2125 702 2186 mille
723 2126 842 2202 equites
856 2127 1005 2202 imperati.
1032 2126 1115 2187 hunc

134 2210 303 2272 exercitum
318 2209 420 2286 parari
434 2217 551 2271 tantum
566 2210 688 2284 placuit,
704 2217 738 2270 ut
751 2209 857 2284 exiret,
873 2211 900 2270 si
915 2226 976 2286 quo
991 2225 1043 2270 res
1057 2225 1114 2284 po·

136 2302 244 2355 sceret.
266 2294 448 2356 Macedonia
468 2292 599 2354 maxime
621 2309 723 2353 curam
738 2293 914 2369 praebebat.
937 2294 968 2353 in
983 2295 1115 2353 classem

135 2378 216 2438 mille
231 2379 308 2439 socii
322 2379 449 2440 navales
465 2377 549 2438 cives
563 2377 693 2439 Romani
707 2376 837 2438 libertini
853 2377 980 2452 ordinis,
1003 2392 1041 2436 ex
1056 2378 1114 2436 lta-

134 2461 176 2522 lia
192 2462 349 2539 quingenti
364 2462 456 2523 scribi
471 2461 563 2538 iussi,
583 2461 710 2524 totidem
723 2470 757 2524 ut
770 2477 810 2522 ex
825 2460 929 2523 Sicilia
944 2460 1111 2522 scriberem

135 2554 198 2621 tur,
224 2554 256 2607 et
276 2548 324 2609 cui
345 2562 382 2606 ea
403 2546 562 2621 provincia
582 2545 751 2621 evenisset,
777 2547 951 2607 mandatum
966 2552 999 2606 ut
1013 2561 1068 2606 eos
1083 2545 1115 2604 in

133 2629 363 2706 Macedoniarn,
384 2629 568 2705 ubicumque
589 2629 699 2691 classis
715 2639 814 2706 esset,
835 2630 1046 2707 deportandos
1062 2646 1114 2690 cu·

134 2721 225 2773 reret.
258 2714 288 2774 in
308 2713 487 2791 Hispaniam
506 2715 564 2774 tria
583 2713 666 2774 milia
689 2715 826 2788 peditum
850 2715 1058 2790 Romanorum
1083 2714 1114 2771 in

135 2798 389 2872 supplementum,
404 2798 530 2858 trecenti
545 2796 664 2873 equites
681 2797 804 2859 decreti.
820 2797 923 2858 linitus
935 2795 977 2855 ibi
988 2811 1114 2872 quoque

134 2881 165 2940 in
180 2881 317 2956 legiones
332 2881 459 2942 militum
472 2896 627 2954 numerus,
644 2881 782 2956 peditum
797 2881 890 2956 quina
900 2880 982 2940 milia
993 2879 1113 2953 duceni,

133 2973 165 3026 et
179 2966 294 3026 treceni
308 2967 437 3042 equites.
460 2972 490 3026 et
510 2965 604 3027 sociis
618 2964 769 3041 imperare
784 2972 917 3041 praetor,
938 2963 988 3025 cui
1001 2963 1114 3040 Hispa-

140 3048 187 3110 tia
201 3049 386 3126 obvenisset,
401 3049 507 3110 iussus
523 3056 666 3126 quattuor
676 3050 758 3110 milia
770 3049 905 3126 peditum
919 3055 950 3110 et
960 3055 1113 3110 trecentos

135 3131 264 3210 equites.

218 3217 296 3277 Xlll.
323 3218 389 3279 Non
412 3234 481 3280 sum
501 3218 625 3280 nescius
640 3217 678 3277 ab
694 3217 802 3278 eadem
818 3215 1025 3292 neglegentia,
1052 3231 1114 3291 qua

134 3298 208 3360 nihil
230 3299 306 3363 deos
327 3302 512 3379 portendere
532 3305 625 3378 vulgo
640 3317 720 3362 nunc
736 3302 875 3374 credant,
897 3305 1020 3375 [neque]
1036 3314 1113 3358 nun·

134 3384 201 3444 tiari
217 3385 383 3447 admodum
397 3387 478 3446 nulla
495 3386 634 3461 prodigia
649 3385 679 3444 in
695 3385 849 3459 publicum
864 3399 966 3458 neque
976 3383 1007 3442 in
1020 3397 1101 3441 arnna

135 3467 180 3528 les
194 3469 311 3530 referri.
338 3477 471 3531 ceterum
492 3477 522 3531 et
542 3469 613 3528 milri
627 3475 764 3529 uetustas
779 3484 831 3528 res
847 3465 992 3528 scribenti
1007 3464 1113 3526 nescio
