2598 3956
305 210 422 272 LIBER
441 210 501 274 xl.
525 211 609 272 CAP.
623 219 667 274 54.
680 221 723 275 ss.
739 219 776 286 [a.
792 218 824 272 c.
840 221 902 287 179]
1063 215 1105 278 99

124 362 201 441 lippi
216 362 324 438 iuerat,
342 362 446 438 regiae
460 362 507 422 vir
520 363 704 439 maiestatis-,-
718 363 814 446 nobili
828 367 919 430 etiam
935 385 1037 446 pugna
1051 371 1106 432 ad·

126 462 238 508 versus
254 445 447 508 Cleomenem
461 445 738 514 Lacedaemonium
753 450 864 512 clarus.
892 460 1021 520 tutorem
1036 469 1106 518 eum

123 529 248 605 Graeci,
266 530 495 608 utuognomine
510 546 529 590 a
543 531 653 592 ceteris
668 531 793 608 regibus
807 534 1036 613 distinguerent,
1052 555 1104 615 ap·

123 615 286 690 pellarunt.
308 613 400 676 huius
414 613 515 674 iratris
530 613 612 675 tilius
626 616 800 692 Antigonus
815 632 855 678 ex
867 617 1026 682 honoratis
1036 616 1106 681 Phi·

122 698 201 775 lippi
214 695 320 773 amicis
335 713 417 759 unns
427 696 624 774 incorruptus
637 709 862 776 permanseram
877 697 1017 778 ciqueea
1027 696 1106 770 fides

123 797 321 858 nequaquam
334 781 464 842 amicum
474 780 587 844 Persea
598 782 840 846 inimicissimum
854 785 976 848 lecerat.
996 787 1024 848 is
1034 781 1106 865 pro·

123 865 263 942 spiciens
275 865 392 939 animo,
415 871 530 943 quanto
543 881 612 928 cum
626 867 763 944 periculo
779 883 837 930 suo
851 867 1005 952 hereditas
1019 871 1107 952 regni

121 954 253 1010 venturu
266 949 351 1011 essct
363 949 403 1008 ad
416 948 545 1024 Persea,
566 957 600 1012 ut
613 950 744 1028 primum
757 951 862 1013 labare
875 951 1009 1020 animum
1023 954 1106 1031 regis

123 1040 156 1094 et
168 1031 370 1108 ingemiscere
384 1032 534 1095 interdum
550 1033 603 1095 filii
619 1030 774 1097 desiderio
788 1037 902 1113 sensit,
914 1037 1004 1099 'nunc
1018 1031 1106 1119 prae·

122 1116 229 1190 bando
237 1131 339 1192 aures,
353 1132 435 1178 nnnc
446 1117 630 1180 lacessendo
642 1119 730 1180 etiam
742 1117 928 1185 mentionem
937 1123 982 1183 roi
993 1130 1107 1188 tenere

123 1207 219 1272 actae
233 1214 329 1276 saepe
341 1201 480 1277 querenti
492 1217 626 1277 querens
639 1210 669 1264 et
680 1201 750 1278 ipse
760 1205 876 1274 aderat.
892 1199 923 1266 et
933 1221 1003 1270 cum
1014 1209 1107 1270 multa

124 1285 266 1346 adsolent
283 1281 398 1346 veritas
414 1284 564 1360 praebere
578 1286 709 1362 vestigia
723 1287 787 1362 sui,
809 1287 892 1349 omni
906 1285 968 1365 ope
981 1282 1106 1354 adiuva·

122 1369 191 1442 bat,
209 1382 272 1444 quo
285 1367 434 1430 maturius
450 1369 553 1429 omnia
567 1379 752 1431 emanarent.
781 1373 919 1446 suspecti
932 1381 966 1434 ut
979 1371 1107 1440 ministri

123 1451 269 1514 facinoris
283 1452 411 1527 Apelles
432 1450 564 1513 maxime
579 1459 609 1514 et
622 1451 775 1514 Philocles
790 1463 890 1529 erant,
913 1456 969 1532 qui,
978 1457 1107 1526 Romam

123 1535 218 1612 legali
235 1535 357 1598 inerant
377 1533 556 1613 litterasque
576 1534 714 1598 exitiales
731 1537 885 1601 Demetrio
906 1537 964 1602 sub
984 1539 1107 1604 nomine

123 1619 283 1681 Flaminini
304 1619 474 1682 attulerant.
499 1620 562 1681 LV.
591 1622 686 1683 falsas
707 1637 780 1684 esse
793 1629 856 1685 ota
871 1621 972 1684 scriba
986 1618 1107 1684 vitiatas

124 1703 308 1780 signumque
318 1703 520 1766 adulterinum
532 1707 624 1782 vulgo
635 1704 665 1765 in
677 1706 763 1782 regia
773 1707 951 1768 fremebant.
974 1715 1108 1788 ceterum

126 1803 196 1848 eum
210 1794 357 1864 suspecta
370 1788 469 1864 magis
484 1805 576 1865 quam
590 1789 751 1851 manifesta
765 1797 850 1861 esset
862 1805 930 1864 res,
951 1792 1030 1856 forte
1040 1791 1107 1874 'Xy-

127 1871 203 1933 chus
225 1871 335 1933 obvius
349 1871 384 1933 tit
397 1872 567 1948 Antigono,
588 1871 895 1952 comprehensusque
910 1868 948 1934 ab
963 1869 1001 1935 eo
1016 1873 1046 1934 in
1060 1881 1108 1934 ‘re-
1186 1871 1194 1886 ''

125 1956 207 2030 giam
228 1962 276 2028 est
294 1956 472 2032 perductus.
504 1957 610 2018 relicto
631 1973 670 2019 eo
685 1957 866 2020 custodibus
880 1958 1054 2034 Antigonus
1069 1958 1109 2018 ad

125 2038 298 2115 Philippum
316 2040 479 2116 processit.
514 2041 656 2115 „multis“
676 2039 775 2116 inquit
795 2042 1007 2116 ,sermomhus
1021 2043 1108 2104 intel·

126 2121 242 2184 texisse
254 2123 363 2185 videor
373 2140 486 2200 magno
497 2124 776 2197 tenestimaturum,
793 2127 819 2184 si
832 2125 912 2186 scire
923 2141 997 2186 vcra
1008 2125 1111 2190 omnia

128 2207 232 2282 possis
248 2207 287 2268 de
301 2207 377 2268 liliis
388 2209 463 2283 tuis,
478 2213 546 2268 uter
559 2208 598 2268 ab
612 2213 680 2269 utro
695 2207 808 2283 petitus
823 2207 931 2267 fraude
945 2216 977 2270 et
989 2207 1110 2274 insidiis

127 2298 221 2352 esset.
248 2289 339 2362 homo
355 2307 435 2353 unus
450 2291 607 2366 omnium„
624 2291 678 2367 qui
692 2290 808 2352 nodum
820 2289 912 2358 huius
927 2292 1041 2356 erroris
1056 2306 1109 2352 ex·

128 2375 250 2448 solvere
260 2374 413 2452 possitin
423 2382 577 2452 potestate
587 2383 640 2438 tua
651 2381 700 2437 cst
708 2372 868 2454 Xychusf‘
887 2375 1110 2439 iorteoblatum

128 2458 373 2538 perductumque
390 2459 421 2520 in
435 2457 551 2536 regiam
569 2461 674 2521 vocari
688 2457 815 2520 iuberet.
844 2455 995 2522 adductus
1011 2460 1109 2537 primo

127 2543 173 2602 ita
190 2558 303 2618 negare
323 2544 545 2616 inconstanter,
568 2552 602 2606 ut
614 2560 712 2619 parvo
734 2550 817 2606 metu
833 2542 958 2606 admoto
972 2553 1111 2622 paratum

128 2625 260 2686 indicem
280 2639 353 2688 esse
373 2634 545 2704 appareret.
578 2635 776 2705 conspectum
795 2627 920 2690 tortoris
935 2628 1110 2690 verberum-

130 2713 191 2787 que
201 2723 262 2771 nen
273 2710 426 2785 sustinuit,
442 2709 642 2788 ordinemque
653 2727 775 2773 omnem
786 2707 930 2772 facinoris
941 2712 1111 2794 legatorum

128 2793 349 2872 ministeriique
374 2796 422 2857 sui
448 2793 603 2870 exposuit.
634 2795 790 2872 extemplo
810 2795 897 2856 missi
919 2797 972 2870 qui
993 2797 1110 2870 legatos

130 2879 441 2954 comprehenderent,
454 2877 635 2954 Philoclem,
651 2879 704 2956 qui
719 2893 869 2955 praesens
884 2885 966 2953 erat,
981 2893 1110 2957 oppres·

130 2969 250 3024 serunt:
266 2964 392 3039 Apelles
404 2961 518 3024 missus
530 2961 743 3024 aethaereum
756 2963 910 3042 quendam
920 2977 1110 3040 persequen-

130 3047 203 3107 dam
222 3047 335 3109 indicio
349 3046 451 3126 Xychi
471 3044 575 3111 aurhto
596 3047 628 3114 in
641 3047 758 3110 ltaliam
772 3047 900 3109 traiecit.
923 3046 963 3108 de
976 3045 1111 3109 Philocle

129 3129 204 3190 nihil
223 3131 298 3192 certi
318 3132 474 3208 vulgatum
494 3139 554 3214 est:
584 3131 634 3192 alii
655 3131 758 3207 primo
768 3131 926 3201 audaciter
940 3137 1111 3208 negantem,

130 3215 295 3290 postquam
310 3215 340 3275 in
358 3222 559 3292 conspectum
573 3215 724 3284 adductus
739 3217 780 3284 sit
792 3214 936 3294 Xychus,
957 3231 1018 3296 non
1032 3216 1113 3276 ultra

129 3299 313 3372 tetendisse,
331 3297 383 3359 alii
396 3306 546 3360 tormenta
562 3299 654 3360 ctiam
666 3295 845 3365 infitiantem
858 3313 1044 3376 perpessum
1058 3297 1112 3356 ad-

131 3382 260 3443 linnant.
288 3381 428 3460 Phiiippo
448 3383 671 3459 redintegratus
687 3392 734 3446 est
747 3385 846 3446 luctus
861 3383 1113 3461 geminatnsque;

132 3472 162 3526 et
178 3466 382 3529 infelicitatem
397 3483 486 3530 suam
499 3467 530 3528 in
544 3465 648 3528 liberis
661 3470 847 3541 graviorem,
870 3465 955 3592 qssrod
970 3465 1045 3526 alter
1060 3479 1115 3524 su-

1143 3601 1150 3626 s

1134 3637 1149 3672 :i
