2598 3956
188 208 249 272 rao
368 204 483 266 arnna
498 203 587 264 xnrr.
608 200 690 264 car.
706 212 732 264 a.
744 211 770 264 a.
794 209 829 278 p.
842 207 877 261 n.
890 227 913 262 ο.
926 210 989 278 sno]
1040 256 1042 259 ,

186 378 295 427 ornnes
315 357 454 422 homines
475 357 556 432 rogi,
579 371 637 417 seu
651 356 733 418 lama
747 363 777 416 et
791 355 949 417 maiestate
962 355 1168 424 Macedonum

185 463 292 523 regum
312 441 528 520 praeoccupati
550 439 590 500 ad
605 438 811 516 spernendum
825 438 972 516 originem
986 440 1059 502 novi
1073 443 1170 521 regni,

186 545 243 594 seu
265 525 439 590 mutationis
457 539 560 585 rerum
577 522 695 599 cupidi,
717 537 774 584 seu
789 522 861 599 quia
877 539 938 584 non
953 523 1082 608 subiecti
1096 541 1169 588 esse

185 612 332 676 Romanis
346 609 500 672 volebant.
525 613 612 670 erant
626 613 803 667 autemnon
817 608 920 670 Aetoli
934 609 1027 671 modo
1042 609 1073 670 in
1087 610 1169 673 sedi·

185 695 320 760 tionibus
341 699 469 772 propter
488 692 641 766 ingentem
661 690 722 750 vim
736 691 817 751 aeris
832 690 936 764 alieni,
959 692 1017 754 sed
1030 691 1169 756 Thessali

186 783 286 842 etiam.
320 792 358 839 ex
380 775 576 851 contagione,
600 775 683 834 velat
697 774 796 847 tabes,
818 775 848 836 in
862 773 1077 838 Perrhaebiam
1093 791 1168 854 quo·

186 863 299 941 quaid
320 865 499 939 pervaserat
519 859 640 919 malum.
673 873 742 919 curn
756 856 921 920 Thessalos
942 858 973 919 in
988 858 1169 922 armisesse

186 947 355 1010 nuntiatum
369 952 425 1019 est,
440 943 500 1019 Ap.
513 940 669 1003 claudium
684 941 815 1017 legatum
830 941 870 1002 ad
884 957 939 1003 eas
953 957 1004 1006 res
1017 943 1168 1020 aspicien-

186 1032 243 1092 das
259 1027 554 1105 componendasque
568 1031 693 1086 senatus
707 1025 798 1086 misit.
830 1025 882 1101 qni
897 1025 1056 1103 utriusque
1070 1027 1168 1104 partis

186 1111 376 1191 principibus
392 1097 563 1186 castigatis,
583 1125 652 1170 cum
672 1109 784 1171 iniusto
804 1110 912 1171 tenore
933 1119 1092 1186 gravatum
1112 1127 1167 1173 aes

186 1200 333 1270 alienum,
347 1193 430 1271 ipsis
451 1209 562 1268 magna
582 1208 621 1254 ex
637 1199 722 1268 parte
737 1193 977 1257 concedentibus
993 1195 1045 1271 qui
1060 1211 1168 1256 onera·

185 1289 261 1356 rant,
277 1281 428 1354 levasset,
443 1277 514 1339 iusti
530 1275 636 1338 crediti
652 1275 835 1338 solutionem
850 1275 881 1338 in
896 1277 1003 1340 decem
1018 1295 1169 1340 annornm

186 1365 353 1442 pensiones
365 1359 526 1424 distribuit.
543 1376 599 1438 per
610 1361 1169 1440 eundemAppiumeodemquemodo

186 1448 377 1525 compositae
391 1447 421 1507 in
435 1445 619 1507 Perrhaebia
631 1459 692 1506 res.
720 1447 900 1509 Aetolorum
915 1462 1027 1508 causas
1040 1447 1168 1510 Marcel·

186 1535 233 1594 lus
244 1530 372 1608 Delphis
388 1544 444 1605 per
457 1529 538 1590 idem
551 1537 672 1605 tempus
683 1527 845 1592 hostilibus
858 1537 941 1592 actas
955 1529 1073 1606 animis,
1088 1546 1168 1608 quos

186 1616 328 1677 intestino
342 1621 504 1690 gesserant
517 1613 614 1686 bello,
635 1614 788 1688 cognovit.
821 1629 891 1676 cum
906 1619 1050 1678 certatum
1064 1616 1167 1678 auim-

186 1715 248 1776 que
268 1697 436 1760 temeritate
457 1702 550 1772 atque
571 1695 701 1757 audacia
721 1705 872 1774 cerneret,
898 1699 1023 1761 decreto
1044 1699 1167 1776 quidem

185 1797 243 1845 suo
264 1789 403 1844 neutram
425 1787 542 1857 partem
556 1787 609 1842 aut
622 1781 726 1840 levare
740 1789 793 1844 aut
807 1797 936 1845 onerare
951 1783 1059 1845 voluit:
1082 1798 1165 1845 com-

180 1867 318 1943 muniter
337 1864 375 1926 ah
391 1865 532 1942 utrisque
547 1863 648 1940 petiit,
668 1864 856 1927 abstinerent
871 1866 952 1928 bello
968 1873 999 1927 et
1012 1867 1166 1928 oblivione

185 1947 418 2026 praeteritorum
439 1947 611 2010 discordias
632 1947 762 2010 linirent.
798 1948 890 2011 huius
909 1948 1167 2012 reconciliationis

184 2035 262 2094 inter
275 2031 365 2108 ipsos
379 2031 458 2093 tides
473 2029 634 2092 obsidibus
644 2031 723 2093 ultro
738 2033 877 2111 citroque
889 2031 969 2095 datis
980 2034 1098 2096 anneta
1109 2041 1167 2096 cst.

185 2116 362 2191 Corinthus,
382 2122 417 2177 ut
436 2115 477 2176 ibi
492 2115 719 2192 deponerentur
732 2117 875 2192 obsides,
896 2119 1048 2179 convenit.
1074 2119 1127 2178 vt.
1149 2133 1168 2177 a

183 2199 311 2278 Delphis
333 2207 363 2262 et
376 2199 517 2262 Aetolico
538 2197 669 2262 coneilio
689 2199 854 2264 Marcellus
875 2200 906 2261 in
920 2201 1168 2279 Peloponnesum

182 2286 309 2360 traiecit,
323 2300 385 2360 quo
401 2282 535 2344 Achaeis
550 2283 688 2346 edixerat
701 2294 896 2348 conventum.
928 2285 981 2348 ubi
995 2287 1169 2348 collaudata

184 2377 273 2444 gente
295 2367 380 2444 quod
401 2375 577 2429 constanter
596 2375 686 2429 vetus
701 2368 857 2431 decretum
872 2370 912 2430 de
926 2371 1069 2431 arcendis
1084 2370 1169 2431 aditu

184 2454 290 2512 linium
309 2450 434 2528 regibus
446 2451 649 2512 Macedonum
671 2451 856 2527 tenuissent,
876 2454 996 2530 insigne
1015 2453 1167 2514 adversus

182 2535 296 2596 Persea
311 2533 415 2595 odium
427 2535 739 2607 Romanorum-lecim
762 2537 847 2612 quod
860 2543 893 2598 ut
907 2537 1052 2599 maturius
1068 2552 1167 2599 arurn-

183 2625 285 2696 peret,
305 2617 459 2678 Eumenes
479 2633 535 2679 rex
555 2619 805 2681 commentarium
821 2620 923 2682 ferens
939 2637 1060 2697 secum,
1083 2621 1168 2698 quod

183 2703 222 2764 de
237 2701 436 2779 apparatibus
451 2701 523 2762 helli
538 2703 640 2764 omnia
653 2701 810 2780 inquirens
825 2705 953 2781 iecerat,
971 2706 1100 2769 Romam
1115 2720 1167 2765 ve·

182 2786 234 2848 nit.
258 2803 313 2864 per
328 2786 408 2847 idem
422 2793 544 2863 tempus
560 2787 698 2864 quinque
712 2787 803 2865 legati
818 2789 858 2850 ad
873 2803 978 2865 regem
993 2789 1095 2864 missi,
1114 2786 1166 2865 qui

183 2886 233 2931 res
248 2870 278 2931 in
295 2868 478 2932 Macedonia
491 2871 676 2948 aspicerent.
698 2872 925 2934 Alexandream
939 2872 1030 2934 iidem
1045 2872 1086 2934 ad
1097 2871 1166 2934 Pto-

183 2955 331 3014 lemaeum
351 2954 550 3016 renovandae
570 2955 719 3017 amicitiae
733 2971 829 3017 causa
843 2956 999 3032 proticisci
1014 2957 1100 3020 iussi.
1122 2957 1165 3016 le-

181 3035 243 3110 gati
264 3043 351 3096 erant
370 3035 416 3097 hi=
446 3037 477 3098 c.
492 3038 634 3100 Valerius
650 3040 703 3100 Cn.
717 3039 856 3103 Lutatius
871 3039 967 3103 Cerco
984 3041 1017 3117 Q.
1032 3039 1168 3102 Baebius

183 3118 276 3180 Sulca
286 3117 330 3179 M.
347 3118 504 3181 Cornelius
519 3120 684 3184 Mammula
703 3123 744 3184 M.
761 3123 910 3186 Caecilius
925 3125 1047 3188 Denter.
1080 3134 1110 3187 et
1128 3123 1167 3184 ab

181 3203 333 3266 Antiocho
348 3217 423 3278 rege
437 3204 495 3265 sub
510 3204 589 3266 idem
605 3214 727 3282 tempus
741 3206 832 3282 legati
846 3217 1012 3281 venerunt;
1036 3224 1167 3287 quorum

181 3289 325 3364 princeps
341 3288 527 3364 Apollonius
541 3288 572 3348 in
586 3297 726 3352 senatum
740 3291 930 3354 introductus
946 3293 1048 3355 multis
1063 3291 1165 3353 iustis·

181 3388 242 3448 quc
254 3372 357 3433 causis
369 3385 473 3449 regem
483 3373 652 3448 excusavit,
669 3374 753 3449 quod
765 3375 950 3452 stipendium
960 3377 1060 3438 serius
1074 3389 1164 3450 quam

178 3456 219 3516 ad
235 3455 314 3516 diem
337 3460 521 3532 praestaret:
547 3456 578 3518 id
593 3473 628 3519 se
643 3474 733 3520 omne
748 3459 928 3536 advexisse,
950 3476 989 3522 ne
1004 3460 1091 3522 cuius
1106 3457 1165 3537 nisi
