2574 3954
311 167 424 280 umus
437 219 541 280 xurv.
564 219 647 282 cnr.
661 229 761 285 mn.
784 229 821 297 [t.
834 228 942 296 cmm]
1050 221 1110 302 ast

131 372 228 450 polon
239 379 363 454 uocant,
378 371 419 436 ad
429 373 764 449 opemexposcendam
775 373 871 450 lieret,
881 373 1046 450 Diodorus,
1058 377 1110 453 qui

6 463 7 500 t
129 462 274 533 praeerat
286 455 369 530 urbi,
390 461 528 516 metuens
542 467 582 517 ne
595 456 743 529 ThraceS,
760 473 891 534 quorum
905 459 967 520 duo
982 458 1065 521 milia
1078 461 1109 522 in

5 551 6 608 i
128 537 288 616 praesidio
301 547 396 614 erant,
407 539 515 600 urbem
525 538 556 602 in
566 539 694 601 tumultu
706 539 879 616 diriperent,
891 541 931 602 ab
942 543 1110 619 subomaio

4 645 5 652 ¹
128 625 168 685 ab
190 637 225 684 se
246 637 303 698 per
322 621 524 690 lallaciamin
545 622 693 684 tabellarii
714 625 852 700 speciem
867 626 981 687 litteras
996 626 1111 706 iniero

4 753 5 784 ἲ
127 707 230 768 medio
246 706 373 783 accepit.
402 705 550 783 scriptum
564 705 595 766 in
609 706 647 767 iis
662 713 727 768 erat
740 707 780 768 ad
794 708 963 780 Emathiam
977 709 1111 788 classem

126 791 298 852 Romanam
316 790 480 866 appulsam
501 805 589 866 esse,
610 805 766 868 agrosque
781 791 863 853 circa
876 791 999 862 vexaria
1021 808 1111 872 orara

126 875 304 954 praelectas
314 872 481 950 Emathiae,
495 880 528 935 ut
543 875 731 949 praesidium
742 874 894 948 adversus
908 875 1110 953 populatores

126 960 233 1020 mittat.
260 957 310 1018 his
328 957 416 1018 lectis
435 956 573 1019 hortatur
586 958 737 1034 Thracas,
762 965 796 1020 ut
810 959 849 1020 ad
863 959 1008 1021 tuendam
1021 959 1109 1020 lima-

3 1041 5 1066 ⁵
125 1041 209 1102 thiae
220 1056 306 1102 oram
316 1041 567 1118 proflorscanturr
588 1058 797 1119 magnameos
809 1044 937 1104 caedem
947 1043 1109 1118 praedam·

127 1140 190 1202 que
211 1124 321 1200 palatis
343 1124 461 1200 passim
481 1141 653 1202 peragras
675 1125 823 1190 Romanis
845 1128 990 1188 lecturos.
1010 1127 1108 1202 ¹simul

3 1229 5 1306 ὲ
125 1209 228 1270 elevat
241 1209 353 1270 lamam
368 1209 519 1274 adversae
534 1224 671 1286 pugnae:
692 1226 774 1286 quae
788 1210 816 1272 si
827 1225 903 1271 vera
913 1211 1109 1290 loretflalium

125 1308 223 1368 super
244 1291 335 1354 alium
354 1299 495 1355 recentes
517 1309 557 1354 ex
579 1294 651 1369 luga
664 1300 812 1355 venturos
828 1293 934 1354 luisse.
959 1309 1015 1369 per
1028 1293 1108 1355 hanc

125 1391 252 1437 causam
265 1375 433 1436 Thracibus
447 1375 606 1452 ablegatis,
623 1377 712 1438 simul
726 1382 940 1452 transgressos
953 1391 1009 1438 eos
1021 1376 1107 1456 Stry·

125 1475 248 1522 monem
258 1460 344 1533 vidit,
357 1466 464 1536 portas
476 1461 594 1521 clausit.
608 1459 699 1520 XLV.
711 1460 800 1520 tertio
812 1459 863 1520 die
873 1459 1003 1522 Perseus
1017 1477 1108 1538 quam

124 1552 294 1622 pugnatum
315 1551 380 1606 erat
393 1543 602 1620 Amphipolim
616 1543 709 1615 uenit.
732 1544 804 1605 inde
819 1551 957 1605 oratores
973 1559 1042 1606 cum
1058 1560 1108 1607 ca·

2 1649 3 1702 l
126 1628 226 1690 duceo
241 1628 281 1688 ad
295 1628 421 1690 Paulum
436 1625 527 1689 misit
541 1627 660 1689 interim
678 1626 807 1704 Hippias
823 1634 854 1688 et
866 1626 971 1689 Midon
986 1634 1017 1689 et
1030 1627 1107 1690 Pan·

2 1747 3 1750 ¹
123 1712 265 1786 archus,
280 1712 437 1788 principes
452 1711 619 1773 amicorum
630 1711 723 1787 regis,
738 1713 898 1786 Beroeam,
915 1727 977 1788 quo
990 1728 1029 1772 ex
1040 1711 1108 1773 acie

126 1796 342 1871 confugerant,
364 1795 426 1871 ipsi
446 1796 487 1856 ad
502 1797 661 1857 consulem
676 1795 805 1870 proiecti
818 1794 967 1855 Romanis
981 1795 1107 1856 dedunt

124 1879 187 1940 hoc
207 1879 286 1939 idem
309 1885 340 1940 et
359 1879 438 1939 aliae
458 1878 607 1955 deinceps
622 1885 705 1939 metu
719 1879 882 1954 perculsae
896 1878 1048 1953 parabant
1062 1879 1105 1939 ia-

125 1977 206 2024 cere.
230 1963 339 2025 consul
361 1962 474 2022 nuntiis
490 1963 635 2023 victoriae
650 1961 684 2036 Q.
698 1961 793 2024 Fabio
810 1962 872 2023 dlio
886 1969 916 2024 et
929 1961 964 2022 t,
978 1960 1106 2024 Lentulo

124 2053 156 2108 et
177 2044 355 2119 orleteile
377 2059 445 2105 cum
467 2044 573 2106 litteris
593 2046 723 2106 Romam
744 2045 848 2106 missis
863 2046 965 2120 spolia
977 2044 1106 2108 iacentis

123 2127 260 2189 hostium
274 2127 427 2187 exercitus
443 2127 597 2202 peditibus
613 2128 776 2204 concessit,
791 2127 947 2204 equitibus
959 2130 1106 2204 praedam

125 2209 312 2272 circumiecti
327 2210 401 2284 agri,
423 2209 496 2270 dum
510 2226 549 2270 ne
564 2210 695 2286 amplius
710 2209 831 2271 duabus
845 2209 986 2272 noctibus
1002 2211 1040 2271 ab
1056 2228 1106 2272 ca-

125 2294 195 2356 stris
211 2293 366 2355 abessent.
395 2293 464 2370 ipse
479 2293 608 2370 propius
622 2307 706 2354 mare
720 2293 760 2353 ad
774 2293 913 2372 Pydnam
928 2300 1029 2354 eastra
1042 2309 1105 2355 mo

124 2377 177 2439 vit.
210 2379 331 2439 Beroea
353 2380 500 2453 primum,
539 2377 651 2438 deinde
674 2375 895 2438 Thessalonica
915 2383 946 2437 et
969 2376 1052 2438 Pella
1076 2383 1107 2440 et

124 2462 273 2538 deinceps
299 2462 401 2523 omnis
426 2463 521 2521 ferme
542 2459 723 2522 Macedonia
744 2461 823 2521 intra
843 2458 970 2522 biduum
992 2460 1104 2522 dedita.

123 2544 277 2624 Pydnam,
303 2545 356 2622 qui
377 2543 631 2621 proximiorem,
656 2544 790 2605 nondum
809 2544 957 2606 miserant
969 2546 1105 2620 legatosa

123 2627 284 2690 multitudo
296 2629 452 2691 incondita
463 2630 596 2704 plurium
607 2628 697 2690 simul
708 2628 841 2704 gendum
851 2627 1012 2703 turbaque,
1025 2643 1105 2704 quae

123 2728 164 2772 ex
180 2711 246 2773 acie
261 2712 333 2786 luga
346 2710 377 2772 in
391 2728 486 2772 unum
502 2712 661 2789 compulsa
673 2717 746 2786 erat,
761 2711 922 2772 consilium
932 2719 963 2771 et
973 2726 1105 2773 consen-

125 2796 194 2856 sum
209 2793 338 2856 civitatis
353 2793 557 2870 impediebam
579 2809 637 2856 nec
652 2795 777 2854 clausae
790 2794 883 2854 modo
900 2799 1023 2868 portae,
1047 2795 1104 2854 sed

124 2879 216 2939 etiam
230 2875 442 2939 inaedificatae
458 2883 553 2938 erant
574 2875 662 2938 missi
673 2876 778 2938 Midon
793 2883 824 2936 et
834 2875 1028 2937 Pantauchus
1044 2877 1103 2937 sub

124 2977 229 3024 muros
244 2962 284 3023 ad
297 2961 484 3038 colloquium
500 2960 638 3035 Solonis,
663 2960 714 3036 qui
728 2960 759 3020 in
773 2958 930 3037 praesidio
946 2965 1025 3020 erata
1047 2975 1105 3037 per

125 3059 196 3105 eum
216 3045 360 3108 emittitur
374 3044 512 3107 militaris
527 3045 624 3106 turba.
643 3043 790 3121 oppidum
806 3040 943 3105 deditum
958 3043 1102 3107 militibus

126 3127 214 3188 datur
228 3126 441 3204 diripiendum.
468 3127 616 3205 Perseus,
640 3145 703 3190 una
716 3134 831 3189 tantum
848 3143 906 3202 spe
919 3127 1102 3189 Bisaltarum

124 3208 229 3272 auxilii
243 3217 403 3288 temptata,
424 3212 464 3273 ad
479 3229 558 3288 quos
573 3213 759 3289 nequiquam
774 3213 900 3273 miserat
913 3213 1048 3287 legatos,
1071 3211 1100 3271 in

125 3294 296 3356 contionem
312 3293 467 3369 processit
476 3295 647 3372 Philippum
659 3311 765 3357 secum
778 3295 874 3356 lilium
885 3294 1013 3369 habens,
1028 3300 1062 3354 ut
1072 3300 1102 3355 et

122 3376 212 3454 ipsos
233 3377 516 3454 Amphipolitanos,
542 3386 572 3441 et
592 3379 727 3454 equiturn
743 3379 956 3454 peditumque,
983 3377 1035 3452 qui
1049 3383 1102 3438 aut

122 3477 246 3539 semper
266 3461 363 3524 secuti
383 3469 435 3523 aut
455 3463 528 3538 iuga
549 3463 659 3524 eodem
682 3461 774 3523 delati
793 3469 887 3537 erant,
910 3459 1101 3521 adhortando
