2592 3964
270 213 528 274 ιιΒιιιιιιιιιιιιι.
548 213 742 276 ennea.
765 215 801 292 [a.
815 219 921 295 cau]
1039 217 1081 282 at

94 382 169 428 nem
188 363 431 438 renuntiassent,
456 379 563 439 regum
584 381 709 442 quoque
731 381 836 428 eorum
859 366 1086 446 civitatiumque

93 453 218 526 legatos
232 449 264 508 in
278 452 417 510 senatum
431 447 674 510 introduxerunt
698 449 805 512 eadem
817 451 968 530 utrimque
979 453 1086 516 iterata

94 549 180 610 quae
201 531 282 594 dieta
301 531 385 608 apud
405 532 552 606 legatos
545 548 575 591 m
591 531 719 593 Graecia
740 541 834 596 erant
869 537 959 598 aliam
973 537 1086 601 deinde

92 617 282 694 legationem
306 631 418 677 novam
440 623 558 712 patres,
586 617 675 678 cuius
695 617 840 694 princeps
860 619 920 696 Ap.
941 615 1087 683 Claudius

93 701 185 776 ιιιιι,
177 718 208 761 m
222 685 434 762 Macedoniam
449 699 501 760 et
491 717 522 760 ιιι
540 699 698 761 Graeciam
714 701 916 764 decreverunt
929 705 970 764 ad
983 704 1086 765 visen·

93 787 185 860 dum,
206 783 385 845 redditaene
405 782 543 845 civitates
557 782 714 846 Thessalis
732 791 762 844 et
774 784 955 849 Perrhaebis
971 796 1085 850 essent

92 869 208 931 iisdem
221 867 406 940 mandatum,
421 875 456 929 ut
469 867 509 928 ab
519 868 608 930 Aeno
624 875 655 929 et
663 867 810 930 Maronea
823 869 978 946 praesidia
989 872 1083 933 dedu·

94 958 254 1024 serentur,
275 951 487 1026 maritimaque
507 952 606 1013 omnis
620 951 767 1014 Thraciae
790 969 846 1014 ora
865 952 1039 1032 aPhilippo
1055 961 1086 1026 et

92 1035 318 1099 Macedonibus
345 1033 534 1098 liberaretur.
567 1035 815 1111 Peloponnesum
845 1048 970 1114 quoque
999 1039 1086 1102 adire

93 1121 182 1196 iussi,
197 1120 280 1182 unde
291 1119 375 1194 prior
386 1117 497 1195 legatio
509 1119 697 1182 discesserat
710 1117 871 1197 incertiore
882 1129 964 1184 statu
973 1138 1085 1198 rerum,

94 1222 189 1281 quam
208 1204 235 1265 si
256 1220 317 1266 non
338 1202 510 1264 venissentr
532 1219 604 1264 nam
624 1219 720 1281 super
734 1213 836 1268 cetera
850 1206 941 1268 etiam
956 1206 1083 1268 sinere

94 1305 215 1366 sponso
229 1285 421 1361 dimissinec
434 1287 537 1348 datum
548 1287 722 1362 petentibus
734 1289 999 1351 eratAchaeorum
1011 1306 1082 1351 con

94 1373 207 1434 cilium.
240 1371 280 1430 de
301 1385 416 1446 quare
439 1378 587 1446 querente
611 1371 752 1460 graviter
765 1371 798 1446 Q
821 1373 967 1448 caecilio,
994 1372 1082 1440 simul

95 1454 347 1519 Lacedaemoniis
373 1453 605 1530 deplorantibus
631 1435 754 1524 moenia
778 1455 893 1532 diruta,
920 1455 1081 1526 abductare

95 1539 241 1618 plebem
232 1555 263 1598 m
277 1535 426 1603 Achaiam
441 1545 474 1600 et
486 1539 710 1612 venumdatum,
728 1539 898 1615 ademptas,
915 1537 1028 1617 quibus
1042 1540 1084 1602 ad

94 1640 162 1684 eam
177 1623 257 1684 diem
272 1622 379 1684 civitas
395 1623 539 1698 stetisset,
553 1623 686 1704 Lycurgi
703 1623 804 1700 leges,
820 1623 937 1684 Achaei
952 1623 1084 1686 maxime

57 1735 60 1743 Δ
95 1706 217 1769 concilii
237 1707 339 1782 negati
358 1703 473 1769 crimen
488 1707 679 1770 excusabant
692 1708 849 1769 recitando
864 1708 979 1784 legem,
1002 1723 1083 1785 quae

94 1793 155 1852 nist
145 1789 240 1852 belli
255 1788 382 1867 pacisve
397 1805 501 1865 causa,
517 1797 547 1851 et
562 1806 631 1852 cum
648 1791 739 1866 legati
754 1793 793 1852 ab
807 1799 915 1853 senatu
927 1807 996 1853 cum
1006 1793 1083 1853 litte·

92 1875 136 1937 ris
151 1880 205 1936 aut
219 1872 342 1951 scriptis
353 1871 504 1939 mendatis
516 1874 663 1948 venirent,
679 1882 796 1938 vetaret
805 1874 899 1936 lndici
911 1875 1082 1938 concilium.

95 1976 131 2020 ea
145 1974 187 2020 ne
208 1965 317 2035 postea
338 1959 497 2020 excusatio
519 1967 619 2034 esset,
641 1959 775 2020 ostendit
795 1967 920 2022 senatus
936 1975 1029 2021 curae
1043 1959 1081 2021 iis

41 2115 45 2122 ἢ
94 2058 166 2106 esse
179 2043 303 2117 debere,
318 2049 352 2103 ut
361 2042 508 2104 Romanis
519 2041 627 2118 legatis
640 2059 763 2119 semper
774 2043 908 2107 adeundi
920 2043 1082 2106 concillum

93 2127 195 2204 gentis
216 2133 354 2204 potestas
374 2125 476 2202 fieret,
499 2127 782 2202 quemadmodum
798 2127 916 2201 etillis,
939 2127 1081 2203 quotiens

94 2213 217 2286 vellent
232 2217 357 2272 senatus
372 2210 505 2271 daretur.

176 2294 312 2356 XXXIV.
334 2293 534 2355 Dimissisiis
556 2292 775 2368 legationibus,
798 2291 957 2371 Philippus
978 2309 997 2354 a
1015 2293 1081 2357 suis

93 2377 207 2443 certior
226 2379 325 2440 Metus
344 2378 518 2442 cedendum
538 2375 712 2440 civitatibus
733 2377 978 2454 deducendaque
992 2393 1082 2454 prae·

93 2463 175 2525 sidia
192 2477 280 2536 esse,
301 2463 442 2524 infensus
463 2462 605 2524 omnibus
626 2461 656 2522 in
670 2462 837 2524 Maronitas
851 2463 927 2524 iram
943 2460 1083 2523 effundit.

93 2547 271 2622 Onomasto,
288 2547 340 2622 qui
355 2553 497 2624 praeerat
510 2544 678 2608 maritimae
693 2562 774 2621 orae,
790 2547 923 2620 mandat,
938 2553 971 2608 ut
984 2545 1081 2622 partis

93 2633 245 2694 adversae
260 2629 417 2708 principes
431 2629 626 2691 interficeret
647 2629 698 2690 ille
712 2645 769 2705 per
781 2628 969 2693 casanurum
985 2645 1081 2706 quen·-

93 2717 174 2792 dam,
188 2731 282 2776 unum
296 2730 336 2775 ex
349 2712 442 2790 regiis
456 2713 516 2774 iam
532 2712 584 2774 diu
597 2711 784 2774 habitantem
798 2713 973 2788 Maroneae,
989 2720 1081 2776 noete

91 2798 262 2860 Threcibus
279 2795 465 2860 intromissis
486 2797 570 2858 velut
591 2795 622 2856 in
643 2795 724 2857 bello
747 2801 837 2872 capta
857 2797 935 2856 urbe
954 2799 1080 2858 caedem

92 2881 175 2944 iecit.
203 2882 236 2944 id
249 2882 334 2958 apud
347 2883 505 2943 Romanos
525 2881 644 2956 legatos
663 2886 827 2955 querentes
841 2887 902 2940 tam
918 2881 1082 2946 crudeliter

92 2966 274 3028 adversus
266 2965 409 3027 innoxios
422 2961 606 3040 Maronitas,
627 2971 688 3024 tam
710 2965 844 3040 superbe
858 2964 1009 3026 adversus
1024 2980 1080 3042 po

94 3052 199 3128 pulum
212 3051 384 3112 Romanum
404 3049 538 3145 lactmu,
552 3053 586 3108 ut
606 3046 719 3123 quibus
737 3047 905 3109 libertatem
918 3047 1080 3112 restituen-

96 3137 166 3196 lenr
181 3143 307 3198 senatus
322 3133 504 3206 censuisset,
519 3130 540 3192 ιι
553 3115 611 3208 pr'o
625 3131 767 3193 hostibus
780 3131 1013 3208 trucidarentur,
1027 3133 1080 3194 ab·

93 3219 209 3280 ruebat
231 3219 396 3294 quicquam
421 3232 527 3278 eorum
551 3217 592 3278 ad
612 3231 648 3278 se
673 3221 725 3278 aut
750 3231 934 3292 quemquam
955 3231 1081 3278 suorum

95 3303 266 3379 pertinere;
289 3301 442 3363 seditione
453 3299 554 3362 inter
546 3315 634 3376 ipsos
650 3298 833 3374 dimicattun,
849 3315 918 3360 curn
930 3299 980 3360 alii
994 3298 1033 3359 ad
1045 3313 1081 3360 se

95 3383 146 3448 alii
167 3387 206 3448 ad
226 3387 394 3448 Eumenem
415 3384 567 3446 civitatem
586 3383 757 3454 traherent,
785 3382 818 3444 id
838 3383 928 3444 facile
948 3381 1080 3444 scituros

94 3485 184 3541 esse;
206 3475 477 3548 percunctarentur
487 3466 769 3544 ipsosMarouitas=
783 3465 866 3526 haud
877 3462 998 3541 dubius,
1011 3479 1081 3540 per·
