2592 3964
311 199 427 261 aman
441 199 572 264 maun.
596 199 678 262 aar.
694 207 737 262 a.
760 203 916 277 ponar
1062 199 1104 283 49

118 349 327 410 destinabant.
356 365 426 410 narn
441 349 498 410 etsi
515 349 612 410 ndnar
631 356 730 412 aetate
746 365 838 425 quam
856 349 987 414 Perseus
1009 359 1102 426 esset,

118 433 207 494 bunc
221 433 300 494 iusta
312 433 555 508 mauelamiliee
570 433 654 496 illum
668 433 777 510 pellice
791 439 890 502 ortum
904 449 992 506 essm
1020 435 1103 495 illum

122 523 157 576 ut
185 533 227 577 ex
253 518 378 594 vulgato
405 532 536 594 corpore
558 516 691 592 genitum
706 518 819 583 nuttam
838 517 912 586 aerii
930 518 1028 595 patris
1049 533 1102 580 no-

120 608 186 660 tam
202 601 330 678 habere,
352 601 434 662 laune
456 601 606 678 insignem
626 601 754 677 Philippi
776 602 1001 669 similitudinem
1027 619 1104 682 pme

122 701 160 744 se
182 685 272 745 ferre.
308 685 347 746 ad
368 686 429 746 hoe
445 685 603 750 Romanos
621 685 806 748 Demetrium
834 687 864 746 in
893 692 1021 765 paterno
1051 701 1103 755 so·

121 769 168 830 lio
198 769 369 844 locuturos,
399 769 502 832 Persei
530 769 643 832 nullam
672 769 756 845 aptrd
782 784 837 830 eos
863 771 989 844 gratiam
1021 785 1103 831 esse.

119 852 202 913 haec
215 853 308 928 vulgo
323 851 534 930 loquebantur.
563 853 667 928 itaque
688 860 719 916 et
736 852 849 913 Persea
870 869 943 916 cura
960 854 1102 930 ,angebat

120 952 163 996 ne
178 952 285 1013 pamm
299 953 356 1014 pro
367 954 406 997 se
420 953 480 998 une
494 943 579 998 aetas
595 939 717 1010 valeret,
734 949 803 1002 eum
817 936 958 1010 omnibus
975 937 1041 998 aliis
1056 953 1103 998 re-

119 1019 183 1080 bus
197 1021 291 1082 frater
305 1021 446 1097 superior
462 1028 560 1093 essem
576 1028 608 1082 et
620 1019 780 1096 Philippus
794 1020 879 1098 ipse,
894 1021 946 1084 vix
961 1021 1009 1084 sui
1023 1021 1102 1082 arbi-

121 1105 173 1164 trii
189 1104 270 1178 lore,
293 1121 385 1182 quem
404 1104 548 1168 heredem
568 1105 654 1182 regni
673 1104 858 1180 relinqueret
878 1105 1022 1180 credens,
1046 1105 1103 1167 sibi

120 1203 249 1264 quoque
262 1189 437 1264 graviorem
456 1205 529 1252 esse
550 1205 643 1266 quam
663 1187 755 1253 vellet
775 1189 1027 1253 minoremfilium
1043 1190 1103 1250 aie·

120 1271 185 1332 bat.
211 1270 423 1333 offendebatur
432 1272 584 1334 interdum
596 1288 747 1336 concursu
759 1272 962 1339 Macedonum
973 1273 1013 1336 ad
1024 1289 1103 1348 aum,

120 1363 153 1416 ot
167 1357 293 1416 alteram
303 1356 367 1416 viam
383 1372 418 1418 se
433 1357 503 1418 vivo
522 1356 637 1438 regiam
651 1372 724 1420 esse
740 1355 963 1434 indignabatur.
993 1365 1023 1418 et
1036 1358 1104 1434 ipse

121 1439 246 1500 iunonis
271 1439 354 1501 baud
377 1439 469 1502 dubie
493 1439 627 1504 tutator
649 1441 798 1515 redierat,
820 1439 967 1504 subnisus
982 1455 1055 1516 erga
1069 1455 1104 1500 se

122 1520 244 1584 iudiciis
258 1531 402 1598 senatus,
416 1525 639 1599 concessisque
663 1523 722 1586 sibi
738 1539 818 1600 quae
839 1525 916 1601 patri
930 1529 1040 1600 negata
1055 1539 1103 1584 es-

123 1615 211 1678 seut;
231 1614 262 1668 ct
281 1607 380 1669 omnis
401 1609 513 1670 mentio
530 1609 742 1673 Romanorum
764 1616 908 1683 quantam
927 1608 1104 1685 dignitatem

122 1692 152 1752 ei
166 1692 253 1768 apud
272 1699 394 1754 ceteros
415 1691 617 1767 Macedonas
638 1698 751 1755 tantam
772 1691 917 1756 invidam
937 1708 998 1753 non
1021 1689 1104 1769 apud

122 1777 246 1836 tratrem
261 1774 355 1839 modo
366 1777 428 1837 sed
440 1776 533 1838 etiam
553 1777 635 1852 apud
655 1783 773 1852 patrem
787 1775 983 1852 conciliabat,
999 1776 1104 1852 utique

122 1861 395 1936 postquomlegati
408 1860 459 1921 atii
473 1861 603 1924 Romani
619 1867 774 1942 uenerunt,
789 1867 821 1924 et
835 1859 1001 1936 cogebatur
1014 1860 1105 1919 dece-
1129 1928 1133 1933 ,

122 1943 198 2004 dere
210 1943 338 2004 Tluacia
352 1944 568 2021 praesidiaque
582 1944 735 2010 deducere
749 1951 781 2005 et
794 1945 853 2012 alie
863 1950 914 2010 aut
925 1959 967 2004 ex
980 1944 1105 2004 decreto

123 2027 260 2104 priorum
275 2029 443 2104 legato-rum
458 2035 511 2090 aut
531 2044 571 2092 ex
585 2044 666 2092 nova
684 2029 900 2094 constitutione
917 2035 1045 2089 senatus
1061 2027 1104 2086 la-

123 2120 204 2172 eere.
232 2112 291 2174 sed
305 2113 561 2174 amniamaerens
578 2112 702 2188 quidem
727 2119 758 2174 et
780 2127 922 2188 gemens,
948 2127 985 2172 eo
1007 2111 1104 2186 magis

121 2195 209 2270 quod
223 2195 318 2258 filiun
333 2196 570 2272 frequentiorem
593 2212 691 2272 prope
709 2212 780 2260 cunr
802 2196 869 2264 aliis
892 2211 984 2268 quam
999 2209 1104 2255 secura
1166 2268 1168 2277 γ

126 2279 282 2353 cernebat,
299 2279 477 2341 obedienter
493 2285 594 2342 turrea
608 2280 760 2343 adversus
781 2280 938 2343 Romanos
965 2276 1104 2350 faciebat,

120 2379 163 2424 ne
181 2379 273 2440 quem
289 2363 433 2426 movendi
442 2365 597 2441 extemplo
609 2362 680 2424 belli
692 2377 818 2428 causam
830 2360 999 2439 praeberet.
1015 2360 1105 2423 etiam

123 2447 310 2510 armandos
325 2447 444 2511 animas
461 2448 672 2525 asusploione
682 2446 786 2513 tatium
797 2446 1103 2517 consummamus,

124 2531 300 2593 medicatio
313 2531 473 2594 Threciam
491 2533 656 2596 exereitum
676 2531 707 2591 in
730 2530 869 2610 Odrysas
891 2538 922 2592 et
940 2528 1104 2592 Denthele-

124 2622 172 2677 tos
187 2623 217 2676 et
229 2617 348 2684 Bessos
362 2616 472 2678 duxitz,
484 2614 711 2693 Philippopolin
731 2615 838 2678 urbem
855 2615 930 2691 luga
951 2613 1106 2678 desertam

126 2700 366 2775 oppidanorum,
383 2701 435 2776 qui
453 2699 483 2760 in
499 2700 638 2776 proxima
651 2699 798 2762 mondum
812 2699 883 2774 iuga
898 2714 967 2760 eum
983 2696 1105 2760 familiis

119 2792 304 2859 receperant
321 2799 409 2858 sese,
433 2785 528 2860 oepit,
550 2789 801 2859 campestresque
823 2781 986 2856 barbaros,
1007 2782 1105 2856 depo·

119 2869 244 2943 pulatus
262 2883 354 2944 egros
366 2884 489 2942 eorum,
502 2868 535 2928 in
551 2867 735 2930 deditionem
757 2865 884 2942 accepit.
912 2866 1017 2929 relicto
1032 2865 1105 2924 inde

124 2952 164 3012 ad
182 2951 412 3028 Philippopolin
429 2951 602 3029 praesidio,
626 2951 714 3026 quod
737 2950 821 3014 lraud
844 2949 938 3012 multo
968 2957 1041 3026 post
1066 2947 1104 3008 ab

119 3035 256 3114 ddrpsis
270 3037 434 3112 expulsum
447 3043 510 3112 est,
525 3035 672 3113 oppidum
686 3035 716 3096 in
729 3034 887 3112 Deuriopo
911 3033 1045 3096 condere
1059 3031 1104 3092 iu·
1124 3099 1129 3110 ,

120 3120 218 3180 stituit
233 3153 271 3166 -
286 3119 438 3181 Paeoniae
452 3137 488 3180 ea
502 3118 588 3195 regio
602 3124 650 3180 est
662 3151 720 3194 -‚
742 3133 840 3195 prope
859 3116 1025 3194 Erigonam
1046 3115 1104 3178 llu-

119 3203 219 3278 -vium,
235 3203 287 3278 qul
302 3219 342 3264 cx
354 3204 478 3284 Illyrico
493 3219 551 3280 per
569 3202 731 3265 Paeoniam
752 3201 854 3266 fluens
866 3201 898 3262 in
913 3203 1026 3264 Axium
1041 3215 1104 3260 am·

126 3303 192 3347 nem
208 3287 321 3359 editur,
338 3286 419 3348 haud
429 3288 542 3364 procul
557 3285 675 3361 Stobis,
691 3292 794 3348 vetere
807 3284 899 3350 urbe=
920 3299 1030 3347 novam
1054 3298 1104 3341 ur-

126 3368 191 3434 bem
206 3369 368 3452 Perseida,
386 3379 417 3436 ut
428 3373 455 3432 is
470 3372 533 3432 lilio
548 3371 655 3432 maiori
672 3363 839 3448 baberetur
858 3368 974 3443 honos,
998 3364 1101 3442 appel

126 3453 178 3515 lari
193 3456 291 3516 iussit.
375 3499 377 3504 -

163 3555 190 3598 r.
204 3554 267 3598 arvr
281 3555 357 3600 rans
372 3541 409 3597 V.
880 3545 898 3597 t
