2574 3954
151 158 215 225 242
333 156 448 219 LIBER
463 156 567 216 xliv.
588 156 670 216 cAP.
683 164 728 219 aa.
751 163 787 230 [a.
800 161 834 213 υ.
847 161 946 229 esen

153 331 214 392 que
235 312 408 375 accuratius
422 310 567 384 celantur,
589 323 627 370 eo
642 307 761 370 facilius
776 307 961 384 loquacitate
975 308 1131 384 regiorum

151 397 359 459 ministrorum
373 400 522 455 emanant.

238 479 302 542 Sub
322 479 403 540 idem
422 485 545 553 tempus
565 475 679 538 Rhodii
697 474 790 550 legati
810 472 841 533 in
861 482 963 535 castra
982 482 1133 537 venerunt

153 571 224 626 eum
238 563 348 624 iisdem
362 561 401 622 de
413 575 491 637 pace
501 558 663 632 mandatis,
677 573 757 634 quae
766 558 884 620 Romae
893 557 1045 632 ingentem
1054 557 1135 620 bam

151 652 274 725 patrum
288 643 473 706 excitavere.
493 645 586 705 multo
607 640 810 717 iniquioribus
824 640 933 701 animis
948 658 968 702 a
982 643 1134 704 castrensi

152 729 282 792 consilio
304 727 401 790 auditi
421 735 501 789 sunt.
530 727 634 802 itaque
655 741 724 786 cum
737 725 788 784 alii
802 724 987 802 praecipites
1002 725 1069 787 sine
1082 742 1134 787 re·

153 829 272 891 sponso
293 812 432 888 agendos
447 810 481 849 **
496 809 621 885 eastris,
641 809 849 886 pronuntiavit
862 813 935 884 post
948 807 1028 869 diem
1043 809 1135 887 quin·

151 906 216 960 tum
231 897 383 958 decimum
403 910 439 955 se
451 908 639 970 responsum
653 893 803 954 daturum.
826 890 962 967 interim,
982 899 1016 954 ut
1035 908 1134 970 appa·

150 988 246 1056 reret,
269 985 416 1056 quantum
436 976 661 1053 pacificantium
680 975 871 1038 Rhodiorum
892 975 1136 1038 auctoritasva·

151 1063 269 1137 luisset,
282 1061 456 1123 consultare
468 1061 507 1121 de
518 1059 636 1121 ratione
646 1058 717 1120 belli
727 1059 855 1136 gerendi
866 1059 976 1136 coepit.
991 1060 1137 1136 placebat

119 1159 120 1162 ’
153 1147 346 1225 quibusdam,
367 1152 398 1206 et
410 1143 542 1205 maxime
557 1140 723 1204 maioribus
738 1150 819 1218 natu,
841 1158 897 1219 per
909 1143 1019 1219 Enipei
1032 1143 1136 1220 ripam

151 1231 400 1305 munitionesque
419 1229 481 1288 nm
501 1229 618 1289 iacere:
651 1226 796 1288 confertis
818 1234 848 1286 et
866 1226 929 1285 vim
950 1227 1135 1289 iacientibus

151 1315 299 1376 resistcre
312 1312 502 1374 Macedonas
517 1329 579 1372 non
593 1325 700 1387 posse,
716 1325 756 1370 ex
769 1317 814 1372 tot
825 1310 959 1372 castellis
974 1310 1134 1386 aliquanto

151 1397 311 1460 altioribus
332 1412 370 1458 ac
390 1394 616 1466 munitioribus,
639 1410 719 1470 quae
735 1391 845 1455 validis
865 1393 1030 1469 praesidiis
1049 1395 1136 1455 inse·

152 1482 286 1554 dissent,
312 1480 416 1556 priore
440 1494 521 1540 anno
546 1478 694 1540 deiectos.
722 1477 790 1538 aliis
811 1477 954 1553 placebat
973 1476 1134 1540 Octavium

152 1581 222 1626 cum
244 1566 345 1624 classe
358 1561 610 1622 Thessalonicam
630 1568 736 1639 petere
757 1569 787 1624 et
800 1560 1000 1637 populatione
1020 1562 1135 1622 marib-

152 1663 221 1708 mae
236 1661 309 1708 orae
324 1642 507 1719 distringere
522 1642 629 1720 copias
643 1645 760 1719 regias,
781 1650 815 1706 ut
829 1646 924 1706 altero
940 1645 979 1707 ab
994 1651 1080 1722 tergo
1095 1661 1136 1706 se

154 1731 335 1793 ostendente
355 1728 437 1790 bello
453 1729 655 1789 circumactus
670 1728 710 1788 ad
725 1729 899 1790 interiorem
912 1735 1030 1804 partem
1044 1729 1135 1804 regni

152 1815 298 1877 tuendam
318 1813 435 1874 nudare
457 1811 560 1889 aliqua
573 1819 660 1888 parte
674 1812 820 1874 transitus
834 1810 943 1888 Enipei
957 1820 1134 1888 cogeretur.

152 1898 214 1974 ipsi
229 1903 337 1958 natura
351 1903 382 1958 et
396 1895 542 1971 operibus
558 1895 814 1972 inexsuperabilis
828 1894 897 1973 ripa
910 1895 1080 1970 videbatur,
1101 1903 1137 1957 et

152 1988 369 2058 praeterquam
385 1979 469 2056 quod
482 1986 633 2041 tormenta
640 1979 756 2056 ubique
767 1978 918 2058 disposita
930 1986 1044 2054 esseut,
1059 1979 1134 2040 mis·

152 2065 261 2146 sillbus
282 2064 371 2124 etiam
392 2063 500 2124 melius
522 2071 552 2124 et
572 2064 700 2125 certiore
720 2064 782 2124 ictu
802 2063 909 2124 hostes
924 2063 967 2124 uti
982 2063 1134 2124 audierat

153 2146 218 2208 alio·
228 2148 387 2224 spectabat
400 2163 487 2208 mens
501 2154 565 2210 tota
579 2148 684 2218 ducis;
711 2146 902 2224 dimissoque
917 2146 1046 2208 consilio
1058 2145 1139 2208 Per--

152 2231 286 2295 rhaebos
298 2238 484 2293 mercatores
496 2232 632 2293 coenum
642 2237 673 2291 et
682 2229 900 2306 Menophilum,
915 2237 1006 2293 notae
1018 2238 1049 2291 et
1058 2230 1134 2292 fidei

152 2317 215 2376 iam
236 2316 294 2376 sibi
317 2323 348 2375 et
366 2314 547 2390 prudentiae
565 2313 722 2387 homines,
744 2315 911 2375 arcessitos
925 2321 1046 2376 secreto
1060 2329 1135 2389 per-

153 2405 320 2471 eunctatm‚
337 2398 445 2473 quales
461 2397 500 2456 ad
509 2396 723 2456 Perrhaebiam
733 2398 879 2458 transitus
894 2399 964 2458 slnt.
982 2412 1051 2458 curn
1062 2397 1135 2458 loca

153 2499 216 2544 non
230 2481 334 2555 iniqua
349 2494 421 2540 esse
432 2479 576 2554 dicerent,
592 2479 757 2555 praesidiis
768 2489 869 2542 autem
880 2481 974 2558 regiis
986 2480 1134 2557 obsideri,

153 2580 241 2640 spem
262 2562 357 2639 cepit,
383 2563 411 2623 si
430 2569 521 2624 noete
540 2562 708 2638 improviso
729 2564 941 2626 validomano
961 2565 1133 2641 adgressus

153 2646 373 2724 necopinantes
395 2651 492 2721 esset,
514 2644 594 2708 deici
615 2645 770 2722 praesidia
790 2664 903 2722 posset
926 2648 1026 2710 iacula
1047 2647 1130 2709 enim

154 2739 184 2793 et
199 2732 326 2806 sagittas
341 2737 371 2792 et
386 2736 487 2792 cetera
501 2730 627 2791 missilia
640 2729 671 2790 in
685 2731 834 2804 tenebris,
855 2731 909 2793 ubi
923 2731 998 2809 quid
1013 2737 1134 2808 petatur

152 2815 260 2892 procul
275 2814 430 2890 provideri
445 2819 586 2890 nequeat,
600 2813 717 2875 inutilia
731 2830 819 2886 esse;
841 2813 944 2891 gladio
960 2815 1132 2877 comminus

153 2899 219 2974 geri
238 2914 303 2957 rem
317 2899 348 2956 in
363 2895 514 2973 permixta
527 2897 631 2972 turba,
654 2915 715 2975 quo
737 2899 823 2961 miles
843 2900 1002 2962 Romanus
1016 2897 1132 2959 vincat.

152 2981 201 3041 his
222 2981 353 3041 ducibus
367 2996 496 3053 usurus,
517 2987 689 3057 praetorem
710 2981 866 3044 Octavium
881 2983 1062 3044 arcessitum
1076 2999 1133 3042 ex·

153 3065 265 3141 posito,
281 3061 356 3140 quid
370 3070 502 3138 pararet,
522 3065 705 3128 Heracleum
719 3081 789 3129 cum
803 3069 904 3128 classe
914 3074 1024 3144 petere
1037 3065 1133 3139 iubet,

154 3154 185 3211 et
203 3145 286 3208 mille
304 3145 479 3209 bominibus
501 3149 608 3210 decern
628 3149 746 3212 dierum
766 3158 856 3213 cocta
877 3149 992 3212 cibaria
1004 3149 1132 3211 babere.

153 3232 223 3308 ipse
242 3231 274 3291 P.
297 3228 473 3308 Scipionem
492 3231 635 3293 Nasicam
655 3233 689 3308 Q.
708 3233 835 3296 Fabium
848 3235 1014 3296 Maximum
1033 3231 1131 3295 filium

155 3330 246 3378 suum
256 3330 327 3377 cum
333 3314 470 3392 quinque
481 3315 607 3378 delectis
618 3317 740 3379 milibus
747 3319 928 3380 Heracleum
939 3316 1034 3391 mittit,
1047 3317 1133 3378 velut

156 3400 287 3461 classem
307 3414 533 3462 conscensuros
553 3401 594 3461 ad
608 3402 785 3463 maritimam
800 3417 884 3463 oram
899 3401 1050 3464 interioris
1065 3400 1129 3460 bla-
