2574 3954
228 183 290 249 tso
395 185 509 247 ursus
523 183 625 243 nuru.
647 181 730 242 cnr.
746 191 772 242 1.
783 191 810 243 a
833 181 1028 258 [suasu]

224 336 337 397 bellum
350 335 475 396 illatum.
502 341 565 395 turn
578 329 795 407 Aquileienses
816 329 890 391 nihil
905 347 940 392 se
954 332 1032 392 ultra
1052 331 1132 392 scire
1147 346 1210 392 nec

225 419 339 482 audere
353 417 515 479 adfirmare
537 433 628 492 quam
647 415 769 494 triginta
784 414 901 476 dierum
922 414 1103 476 frumentum
1119 415 1209 475 militi

225 503 345 577 datum,
360 509 391 563 et
403 501 499 562 duces
516 500 567 576 qui
584 515 624 560 ex
637 495 723 558 ltalia
738 497 846 559 itinera
860 497 890 558 in
905 497 1117 560 Macedoniam
1131 513 1207 560 nos·

225 593 308 662 sent,
333 584 525 661 conquisitos
546 583 769 658 abductosque.
804 580 959 643 enimvero
981 590 1106 644 senatus
1127 581 1207 642 indi-

225 671 311 746 gnari
325 675 440 730 tanturn
451 665 609 729 consulem
624 682 743 741 ausum,
758 672 794 726 ut
806 681 893 726 suam
908 665 1097 743 provinciam
1112 664 1206 726 relin-

226 758 347 828 queret,
369 753 399 812 in
421 752 550 813 alienam
570 751 726 825 transiret,
748 749 913 811 exercitum
928 765 1010 811 novo
1028 749 1205 825 periculoso

225 836 332 898 itinere
351 837 429 898 inter
443 841 563 896 exteras
579 839 685 910 gentes
701 833 841 907 duceret,
862 831 943 893 mam
964 840 1008 894 tot
1028 831 1205 894 nationibus

224 919 254 980 in
269 919 386 980 ltaliam
401 918 541 995 aperiret.
564 919 732 979 decernunt
746 917 937 991 trequentes,
950 921 985 977 ut
999 916 1030 976 0.
1046 915 1205 992 Sulpicius

224 1010 349 1079 praetor
362 1009 425 1063 tres
440 1017 480 1062 ex
494 1009 604 1062 senatu
617 1000 753 1062 nominet
765 1000 900 1076 legatos,
925 1000 977 1076 qui
991 1014 1029 1061 eo
1044 1000 1093 1061 die
1109 1001 1205 1076 profi-

225 1085 380 1148 ciscantur
394 1101 434 1146 ex
447 1084 538 1160 urbe,
560 1093 591 1146 et
605 1091 750 1160 quantum
774 1085 947 1144 accelerare
961 1091 1107 1159 possent,
1130 1083 1205 1144 Cas-
1279 1155 1280 1172 χ

224 1170 305 1230 sium
319 1169 491 1244 consulem,
512 1167 697 1242 ubicumque
711 1167 764 1242 sit,
787 1174 1030 1244 persequentum
1057 1165 1204 1242 nuntient,
1279 1175 1280 1230 l

224 1270 264 1313 ne
277 1252 389 1314 bellum
410 1269 479 1314 cum
494 1252 556 1313 ulla
570 1261 660 1328 gente
675 1258 809 1326 moveat,
830 1249 889 1313 nisi
907 1265 976 1313 cum
998 1266 1060 1328 qua
1077 1256 1204 1312 senatus
1279 1259 1280 1270 ¹

224 1333 393 1412 gerendum
411 1344 582 1398 censuerat
610 1335 700 1411 legati
719 1333 752 1395 hi
767 1335 897 1410 protecti
916 1334 957 1396 Μ.
974 1334 1131 1396 cornelius
1148 1334 1204 1396 Ce-

224 1419 701 1498 tlregusnldlulviusrdlaroius
709 1419 786 1480 Rex.
809 1417 1205 1496 metusdeconsuleatque

224 1505 361 1566 exercitu
374 1503 491 1565 distulit
505 1519 543 1564 eo
558 1511 697 1581 tempore
710 1501 893 1564 muniendae
907 1501 1067 1579 Aquileiae
1088 1517 1204 1563 curam.

309 1587 344 1646 11.
362 1587 529 1664 Hispaniae
544 1587 655 1648 deinde
665 1586 823 1662 utriusque
837 1585 927 1662 legati
942 1585 1059 1662 aliquot
1072 1588 1204 1663 populo·

224 1686 291 1732 rum
303 1671 334 1731 in
350 1679 488 1732 senatum
504 1668 677 1732 introducti.
706 1668 727 1729 ii
749 1669 787 1731 de
806 1668 1034 1745 magistratuum
1049 1671 1202 1732 Romano·

223 1770 291 1815 rum
306 1753 432 1815 avaritia
453 1752 659 1830 superbiaque
674 1751 850 1828 conquesti,
872 1753 935 1814 nixi
949 1752 1078 1829 genibus
1100 1753 1138 1814 ab
1153 1771 1202 1816 se-

170 1877 171 1882 =
226 1845 298 1900 natu
319 1838 483 1914 petierunt,
508 1853 548 1898 ne
568 1853 603 1897 se
623 1837 727 1900 socios
748 1835 869 1899 foedius
884 1837 1012 1912 spoliari
1032 1838 1204 1912 vexarique

226 1937 318 1997 quam
338 1922 445 1984 hostes
461 1922 621 1997 patiantur.
639 1937 717 1982 cum
737 1927 767 1981 et
781 1920 840 1981 alia
853 1920 978 1998 indigna
993 1929 1202 1996 quererentur,

224 2005 415 2066 manifestum
427 2011 527 2068 autem
538 2011 622 2065 esset
632 2003 779 2080 pecunias
789 2012 904 2082 captas,
914 2005 948 2065 L.
958 2002 1100 2066 Canuleio
1113 2021 1201 2081 prae-

224 2088 296 2162 tori,
312 2089 365 2164 qui
375 2088 553 2165 Hispaniam
569 2087 693 2150 sortitus
709 2093 789 2163 erat,
803 2089 959 2166 negotium
973 2089 1076 2150 datum
1090 2095 1153 2163 est,
1168 2097 1203 2150 ut

224 2171 255 2233 in
267 2171 420 2248 singulos,
433 2168 575 2249 aquibus
586 2171 716 2248 Hispani
727 2173 876 2249 pecunias
887 2179 1075 2249 repeterent,
1090 2172 1203 2249 quinos

222 2257 445 2332 reciperatores
457 2271 497 2316 ex
507 2255 614 2317 ordine
625 2255 780 2318 senatorio
792 2256 886 2332 daret,
900 2264 1109 2332 patronosque
1120 2273 1202 2332 quos

224 2338 337 2400 vellent
351 2338 491 2400 sumendi
504 2345 686 2415 potestatem
702 2341 825 2401 faceret.
854 2340 972 2402 uocatis
986 2340 1016 2400 in
1031 2340 1146 2402 curiam
1158 2339 1205 2400 le-

223 2422 301 2496 gatis
316 2422 472 2482 recitatum
488 2429 536 2482 est
547 2429 673 2482 senatus
686 2424 873 2498 consultum,
889 2423 1027 2500 iussique
1044 2423 1203 2486 nominare

223 2512 371 2579 patronos
399 2510 541 2579 quattuor
562 2503 808 2580 nominaverunt,
834 2506 875 2567 Μ.
896 2507 1036 2570 Porcium
1058 2507 1202 2569 Catonem

223 2586 442 2649 P.·cornelium
457 2586 510 2647 Cn.
525 2587 559 2648 F.
578 2585 754 2664 Scipionem
766 2590 800 2650 L.
815 2589 977 2652 Aemilium
986 2591 1019 2652 L.
1031 2589 1064 2652 F.
1075 2590 1203 2652 Paulum

224 2669 255 2730 c.
268 2669 437 2746 Sulpicium
451 2670 577 2734 Gallum.
600 2688 669 2734 cum
680 2673 720 2734 M.
731 2673 839 2736 Titinio
851 2672 996 2750 primum,
1014 2675 1065 2751 qui
1080 2681 1204 2751 praetor

223 2753 261 2816 Α.
272 2753 385 2818 Manlio
397 2755 437 2816 Μ.
449 2755 535 2818 lunio
548 2757 725 2819 consulibus
739 2758 771 2819 in
782 2757 921 2820 citeriore
931 2759 1081 2835 Hispania
1095 2759 1202 2836 luerat,

222 2839 447 2914 reciperatores
462 2848 668 2917 sumpserunt.
690 2841 738 2904 bis
750 2842 926 2918 ampliatus,
942 2841 1028 2906 tertio
1041 2843 1202 2905 absolutus

223 2929 271 2983 est
285 2938 367 2984 reus.
390 2923 544 2986 dissensio
556 2923 634 2986 inter
645 2924 772 2987 duarum
784 2925 1008 3001 provinciarum
1022 2927 1141 3004 legatos
1153 2936 1203 2990 est

224 3012 306 3064 orta:
335 3005 482 3068 citerioris
502 3006 669 3083 Hispaniae
689 3010 797 3084 populi
812 3008 853 3069 Μ.
869 3008 1014 3073 (latonam
1038 3019 1069 3073 et
1081 3010 1201 3088 Scipio-

224 3101 308 3160 nem,
329 3087 481 3151 ulterioris
498 3090 671 3152 1..·1³au1um
688 3097 720 3152 et
733 3091 852 3153 Gallum
866 3091 1033 3170 supinum
1055 3102 1202 3173 patronos

223 3180 430 3250 sumpserunt.
446 3174 485 3234 ad
496 3174 718 3249 reciperatores
730 3176 855 3238 adducti
867 3192 887 3237 a
901 3175 1091 3242 citerioribus
1101 3196 1201 3257 popu·
1277 3215 1278 3220 κ

223 3253 261 3315 lis
274 3252 307 3313 Ρ.
321 3253 431 3317 Furius
444 3255 564 3332 Philus,
580 3258 619 3319 ab
632 3258 828 3322 ulterioribus
840 3259 881 3322 Μ.
895 3260 1062 3326 Matienus:
1082 3264 1133 3324 ille
1145 3263 1201 3340 Sp.

223 3336 378 3401 Postumio
394 3337 428 3415 0.
443 3339 544 3404 Mucio
560 3342 738 3405 consulibus
758 3341 888 3408 triennio
903 3351 989 3423 aab,
1009 3345 1060 3408 hic
1076 3346 1202 3409 biennio

222 3421 325 3499 prius,
340 3422 373 3482 L.
387 3421 543 3487 Postumio
558 3425 597 3486 M.
612 3425 742 3504 Popillio
759 3429 937 3494 consulibus
955 3436 1079 3508 praetor
1092 3432 1202 3530 luerat
1277 3447 1278 3512 j
