2574 3954
304 215 420 276 LIBER
434 215 538 277 xllv.
561 217 643 277 cap.
661 226 701 279 ra.
725 221 804 292 [ac.
821 225 881 292 rso]
1019 219 1081 286 221

185 371 264 431 XIII.
285 370 366 430 Inter
379 369 458 429 haec
472 376 502 430 et
516 369 634 443 consul,
650 384 688 428 ne
702 370 808 444 segnis
824 371 947 431 sederet
968 379 1084 434 tantum

102 455 133 516 ln
154 471 228 530 agro
250 453 384 525 hostico,
405 452 446 511 Μ.
460 451 621 527 Popillium
636 468 705 512 cum
720 454 855 529 quinque
869 453 991 515 milibus
1007 456 1083 515 mili-

101 547 165 600 tum
185 539 226 598 ad
238 537 421 598 Meliboeam
441 536 547 596 urbem
569 536 808 612 oppugnandam
828 537 925 598 mittit.
958 538 1016 600 sita
1037 546 1085 600 est

99 625 132 682 in
143 621 297 682 radicibus
309 619 408 681 Ossae
419 619 539 692 montis,
555 635 617 695 qua
633 626 720 694 parta
731 620 761 679 ln
772 619 962 681 Thessalam
976 622 1083 698 vergit,

99 713 275 782 opportune
293 703 454 764 imminens
470 719 565 779 super
578 702 810 763 DemetrIadem.
838 703 953 778 primus
970 704 1083 767 adven-

101 797 150 850 tus
164 789 298 851 hostiurn
313 787 443 863 perculit
456 787 574 848 Incolas
589 785 664 847 loci:
680 786 817 847 collectis
833 786 945 847 deinde
959 803 977 846 e
991 803 1084 849 neco·

102 875 205 949 pinato
234 885 350 947 pavore
378 870 485 931 culmis
515 867 690 930 discurrunt
718 871 824 930 armati
848 869 888 930 ad
916 878 1021 946 portas
1047 887 1085 933 ac

100 956 229 1027 moenia,
257 969 320 1030 qua
345 951 483 1028 suspecti
507 952 607 1013 aditus
628 959 730 1020 erant;
756 968 907 1031 spemque
929 958 1083 1031 extemplo

100 1039 272 1100 inciderunt
286 1035 355 1112 capi
371 1037 469 1112 primo
484 1037 600 1111 impetu
616 1050 721 1111 posse.
753 1035 874 1097 obsidio
889 1036 980 1112 igitur
994 1054 1084 1114 para-

98 1123 198 1196 batur,
213 1130 245 1182 et
258 1136 354 1196 opera
369 1119 631 1197 oppugnabantur
646 1119 712 1178 fieri
728 1127 846 1195 coepta.
868 1118 1001 1182 Perseus
1014 1137 1083 1183 cum

100 1207 240 1266 audisset
253 1204 343 1264 simul
357 1202 541 1264 Meliboeam
556 1220 575 1262 a
589 1201 727 1262 consulis
748 1203 886 1264 exercitu
899 1207 1083 1280 oppugnari,

99 1290 191 1350 simul
206 1288 338 1348 classem
353 1287 426 1346 Iolci
442 1285 539 1359 staro,
560 1293 594 1346 ut
608 1285 680 1345 inde
694 1284 918 1347 Demetriadem
933 1288 1082 1363 adgrede-

99 1379 198 1445 retur,
218 1369 450 1446 Euphranorem
475 1368 628 1445 quendam
649 1384 689 1429 ex
710 1368 841 1430 ducibus
865 1385 933 1431 cum
956 1371 1082 1433 delectis

98 1456 222 1517 duobus
236 1450 358 1514 milibus
373 1452 556 1514 Meliboeam
571 1451 666 1514 mittit
688 1451 788 1514 aldem
802 1452 993 1530 imperatum,
1008 1463 1042 1516 ut
1056 1455 1083 1515 si

98 1537 289 1600 aMeliboea
314 1538 532 1599 summovisset
550 1537 723 1612 Romanos,
748 1537 971 1599 Demetriadem
998 1539 1083 1614 prius

98 1623 219 1686 occulto
235 1621 341 1682 itinere
356 1621 493 1694 intraret,
515 1635 605 1698 quam
631 1621 669 1681 ab
692 1621 775 1681 Iolco
801 1621 841 1682 ad
859 1621 1084 1682 urbemaastra

99 1712 257 1769 mouerent
270 1705 410 1767 Romani.
441 1705 523 1765 atah
540 1703 804 1780 oppugnatoribus
818 1704 996 1780 Meliboeae,
1013 1720 1083 1766 cum

97 1791 128 1851 in
141 1789 352 1867 superioribus
364 1788 786 1868 locisrepenteapparuIsset
799 1803 868 1849 curn
878 1789 1082 1864 trepidatione

98 1877 195 1935 multa
207 1871 314 1934 relicta
328 1889 424 1949 opera
438 1881 509 1935 sunt
525 1871 668 1948 ignisque
682 1872 821 1933 iniectus.
843 1871 886 1933 ita
898 1889 917 1932 a
930 1871 1083 1933 Meliboea

99 1958 282 2019 abscessum
297 1965 353 2019 est.
382 1956 565 2033 Euphranor
582 1957 684 2018 soluta
703 1956 794 2018 unius
814 1955 898 2016 urbis
920 1955 1082 2018 obsidione

96 2041 323 2102 Demetriadem
346 2041 501 2118 externplo
523 2040 615 2101 ducit.
645 2048 735 2101 nocte
749 2038 766 2078 *
780 2040 902 2102 moenia
915 2039 1008 2101 modo
1024 2041 1080 2102 sed

99 2141 192 2200 agros
208 2125 297 2185 etiam
313 2124 507 2186 confiderunt
521 2139 590 2185 saa
608 2123 859 2201 populatoribus
875 2125 954 2184 tueri
968 2139 1080 2198 posse;

97 2217 129 2269 et
149 2209 328 2285 eruptiones
349 2209 379 2270 in
401 2223 498 2285 vagos
521 2208 721 2284 populatores
741 2224 803 2268 non
821 2208 889 2278 sine
904 2206 1080 2267 vulneribus

98 2293 232 2354 nostium
246 2293 346 2354 tactae
358 2299 437 2354 sunt.
460 2293 655 2353 circumvecti
665 2299 765 2353 tamen
778 2290 899 2352 moenia
911 2297 982 2351 sunt
992 2305 1081 2365 prae·

95 2391 146 2438 tor
161 2385 191 2439 et
204 2391 269 2451 rex,
283 2377 374 2437 situm
387 2375 473 2437 nrbIs
488 2375 745 2452 contemplantes,
765 2375 792 2436 si
808 2390 870 2452 qua
884 2381 971 2450 parte
985 2382 1083 2451 temp·

96 2467 163 2521 tare
183 2468 236 2521 aut
255 2475 351 2536 opere
371 2467 422 2520 aut
441 2460 473 2520 vi
493 2467 631 2536 possent.
661 2460 742 2520 lama
762 2461 818 2521 luit
836 2474 893 2537 per
914 2457 1082 2537 Cydantem

97 2543 274 2605 Cretensem
285 2552 316 2605 ct
321 2543 544 2618 Antimachum,
556 2544 608 2620 qui
614 2543 798 2605 Demetriadi
809 2550 958 2621 praeerat,
972 2549 1081 2604 tracta·

95 2635 146 2688 tas
170 2627 250 2689 inter
267 2627 424 2689 Eumenen
444 2634 476 2690 et
494 2627 608 2689 Persea
630 2628 829 2690 condiciones
850 2626 1010 2688 amicitiae.
1042 2626 1080 2687 ab

95 2711 292 2773 Demetriade
306 2720 388 2774 certe
402 2712 584 2774 abscessum
602 2719 659 2774 est.
687 2711 841 2773 Eumenes
860 2710 902 2771 ad
923 2711 1081 2771 consulem

95 2794 238 2870 navigata
253 2798 421 2870 gratulatus
438 2797 522 2873 quod
536 2810 687 2872 prospere
700 2794 919 2856 Macedoniam·
928 2793 1080 2868 intrasset,

94 2878 278 2954 Pergamum
293 2880 324 2940 in
338 2896 467 2956 regnum
481 2880 552 2942 abit.
575 2878 709 2941 Marcius
718 2878 845 2954 Figulus
857 2885 981 2953 praetor
993 2884 1081 2952 parte

97 2964 210 3024 classis
225 2963 254 3023 in
277 2962 405 3024 hiberna
426 2963 582 3026 Sciathum
602 2964 698 3024 missa
720 2979 790 3024 cum
806 2961 933 3038 reliquls
949 2960 1080 3022 navibus

97 3045 211 3106 Oreum
224 3045 370 3108 Euboeae
386 3049 467 3123 petit,
483 3064 551 3110 eam
565 3047 673 3112 urbem
686 3047 876 3123 aptissimam
890 3053 984 3122 ratus,
999 3045 1081 3106 unde

95 3129 300 3205 exercitibus,
322 3133 374 3208 qui
392 3132 422 3192 in
437 3131 618 3195 Macedonia
637 3131 752 3208 quique
766 3129 797 3191 in
811 3130 970 3192 Thessala
984 3136 1079 3204 arant,

95 3213 173 3274 mitti
190 3223 378 3277 commeatus
393 3224 532 3292 possent.
555 3217 593 3277 de
607 3215 743 3277 Eumene
758 3231 831 3290 rege
849 3216 940 3290 longe
955 3211 1080 3275 diversa

94 3298 231 3358 tradunt.
258 3299 284 3360 si
298 3299 421 3361 Valerio
436 3298 548 3361 Antiati
565 3300 684 3375 credas,
703 3314 761 3358 nec
777 3300 879 3359 classe
893 3298 1027 3360 adlatum
1040 3294 1079 3355 ab

95 3395 136 3441 eo
159 3388 330 3456 praetorem
350 3399 438 3454 esse,
465 3397 533 3443 oum
553 3399 650 3459 saepe
670 3398 740 3444 eum
761 3383 866 3444 litteus
887 3381 1078 3451 arcessisset,

94 3464 197 3538 tradit,
214 3481 271 3525 nec
288 3481 356 3526 cum
371 3467 467 3542 gratia
481 3467 520 3527 ab
536 3468 663 3528 consule
674 3468 845 3543 proiectum
860 3465 894 3524 in
902 3465 1017 3537 Asiam,
1033 3462 1080 3522 in-
