2592 3964
176 162 217 226 38
319 161 434 222 LIBER
443 160 574 220 XXXIX.
598 158 680 219 CAP.
695 167 738 222 39.
750 167 793 220 40.
816 165 852 232 [a.
865 164 899 218 U.
911 182 934 216 c.
945 165 1009 231 568]

175 312 258 376 haud
270 310 381 373 dubius
394 317 516 387 praetor
528 315 618 382 esset,
628 309 653 370 si
666 311 773 370 consul
785 324 925 385 occipere
937 325 1048 370 nomen
1056 312 1159 374 vellet.

175 398 283 471 ingens
306 401 458 456 certamen
474 393 602 455 tribunis
618 400 648 454 et
661 393 738 453 inter
752 409 787 452 se
801 393 890 468 ipsos
905 402 934 455 et
946 408 1012 454 cum
1030 397 1160 456 consule

176 481 245 554 luit,
272 480 371 539 donec
396 484 520 538 senatus
537 476 707 538 aconsule'
721 483 768 536 est
786 476 909 537 habitus
930 477 1160 552 decretumque,

177 562 320 638 quoniam
342 561 492 638 praetoris
514 559 700 634 subrogandi
717 557 840 620 comitia
853 575 892 618 ne
906 559 1026 634 legibus
1041 561 1159 634 fierent,

176 643 344 724 pertinacia
369 644 402 719 Q.
426 643 528 704 Flacci
553 650 584 703 et
607 658 703 718 prava
726 643 1006 704 studiahominum
1031 643 1160 719 impedi-

175 737 251 802 rent,
268 736 405 789 senatum
419 741 549 788 censere
563 727 637 786 satis
655 734 828 801 praetorum
843 741 931 795 esse;
952 724 984 784 P.
999 726 1158 788 Cornelius

176 812 372 888 utramqueln
383 812 459 871 urbe
471 809 709 870 iurisdictionem
720 807 1058 885 baberet,Apolllnique
1070 808 1159 870 ludos

177 897 300 956 laceret.

261 977 323 1038 XL.
342 977 397 1036 His
414 976 542 1036 comitiis
554 975 715 1051 prudentia
726 981 756 1035 et
764 975 874 1037 virtute
885 986 1010 1038 senatus
1022 977 1160 1052 sublatis,

179 1061 237 1123 alia
251 1061 374 1121 maioris
390 1059 571 1131 certaminis,
588 1073 649 1134 quo
665 1065 695 1120 et
704 1059 819 1119 maiore
830 1061 868 1120 de
880 1075 914 1120 re
925 1068 955 1122 et
966 1062 1043 1121 inter
1055 1063 1160 1138 plures

177 1144 435 1222 potentioresque.
444 1143 538 1214 viros,
553 1151 624 1204 sunt
639 1149 754 1202 exorta.
778 1158 937 1203 censuram
953 1161 1073 1206 summa
1088 1159 1160 1204 con-

177 1227 312 1290 tentione
334 1227 477 1302 petebant
496 1226 530 1287 L.
545 1226 688 1286 Valerius
708 1224 837 1287 Flaccus
852 1225 883 1286 P.
904 1233 934 1287 et
947 1227 980 1288 L.
997 1226 1159 1303 Scipiones

179 1313 231 1374 cn.
246 1311 376 1372 Manlius
391 1310 490 1370 Vulso
502 1309 535 1369 L.
547 1307 656 1371 Furius
671 1309 821 1386 Purpurio
837 1309 964 1387 patricii,
981 1311 1090 1387 plebeii
1106 1327 1159 1372 au-

177 1402 237 1456 tem
258 1395 298 1454 Μ.
314 1393 441 1455 Porcius
463 1393 536 1454 Cato
557 1392 597 1453 M.
611 1393 737 1454 Fulvius
757 1393 894 1454 Nobilior
913 1393 956 1452 Ti.
975 1403 1005 1456 et
1017 1394 1057 1453 Μ.
1074 1393 1161 1470 Sem-

178 1479 287 1556 pronii,
298 1478 422 1553 Longus
434 1485 463 1538 et
472 1477 647 1537 Tuditanus.
663 1477 720 1536 sed
732 1492 838 1537 omnes
851 1477 995 1552 patricios
1007 1477 1160 1553 plebeios-

180 1579 240 1640 que
255 1561 512 1622 nobilissimarum
527 1560 705 1620 familiarum
718 1559 758 1620 Μ.
770 1559 897 1622 Porcius
911 1564 1003 1636 longe
1017 1561 1160 1623 anteibat.

179 1647 208 1706 in
224 1646 284 1706 hoc
297 1644 364 1704 viro
381 1651 465 1704 tanta
477 1642 526 1702 vis
541 1643 631 1703 animi
646 1643 822 1719 ingeniique
836 1644 900 1716 luit,
916 1651 950 1706 ut
965 1661 1161 1722 quocumque

179 1730 248 1790 loco
269 1735 359 1788 natus
374 1733 473 1800 esset,
493 1728 642 1788 romanam
658 1726 717 1788 sibi
731 1727 800 1802 ipse
815 1729 949 1789 lecturus
965 1729 1061 1789 luisse
1076 1728 1160 1789 vide-

101 1865 103 1868 .
178 1821 270 1874 retur.
296 1812 379 1871 nulla
392 1826 442 1871 ars
458 1824 559 1886 neque
574 1809 709 1887 privatae
723 1826 824 1886 neque
841 1811 980 1888 publicae
993 1812 1038 1872 rei
1053 1828 1160 1887 geren-

179 1897 238 1956 dae
260 1895 288 1954 ei
310 1893 420 1955 deluit:
448 1893 582 1954 urbanas
602 1895 796 1970 rusticasque
816 1910 875 1978 ree,
888 1895 1002 1971 pariter
1023 1895 1159 1956 callebat.

178 1981 218 2040 ad
234 1993 371 2039 summos
386 1977 520 2037 honores
535 1976 613 2037 alios
628 1976 756 2038 scientia
772 1976 862 2050 iuris,
883 1978 961 2040 alios
977 1979 1159 2055 eloquentia,

178 2063 256 2123 ulios
272 2061 369 2136 gloria
383 2059 520 2121 militaris
534 2059 691 2136 proveatu
709 2059 780 2121 huic
793 2061 937 2122 versatile
952 2063 1104 2137 ingenium
1115 2063 1160 2122 sic

178 2147 292 2222 pariter
306 2145 345 2204 ad
360 2145 461 2206 omnia
475 2143 538 2218 luit,
558 2151 590 2205 ut
604 2153 707 2205 natum
721 2145 760 2204 ad
775 2143 806 2204 id
819 2162 913 2206 unum
929 2145 1048 2206 diceres
1064 2146 1160 2222 quod·

179 2245 311 2305 cumque
332 2237 450 2303 ageret:
472 2229 502 2288 in
523 2229 604 2289 bello
625 2245 717 2288 manu
737 2226 921 2289 fortissimus
939 2229 1103 2306 multisque
1117 2229 1161 2288 in-

179 2312 317 2388 signibus
332 2311 433 2372 clarus
447 2311 576 2386 pugnis,
590 2311 671 2371 idem
686 2317 850 2388 postquam
866 2311 905 2373 ad
920 2327 1047 2388 magnos
1062 2312 1160 2373 hono-

177 2413 229 2456 res
256 2395 402 2470 pervenit,
430 2409 567 2455 summus
589 2393 769 2469 imperator,
794 2394 875 2455 idem
900 2393 929 2456 in
949 2411 1039 2472 pace,
1066 2395 1093 2456 si
1112 2396 1160 2456 ius

180 2479 369 2550 consuleres,
383 2477 594 2552 peritissimus,
602 2478 629 2540 si
641 2494 735 2539 causa
746 2479 863 2540 oranda
874 2487 967 2553 esset,
974 2479 1160 2556 eloquentis·

179 2564 285 2635 simus,
300 2575 357 2621 nec
372 2561 399 2620 is
413 2567 528 2620 tantum
544 2561 632 2622 cuius
647 2559 750 2637 lingua
763 2563 835 2623 vivo
850 2577 887 2622 eo
901 2562 1039 2638 viguerit,
1054 2580 1160 2624 monu-

179 2651 313 2704 mentum
332 2643 525 2720 eloquentiae
545 2646 660 2706 uullum
680 2652 795 2708 exstet=
817 2646 891 2707 vivit
912 2647 1003 2707 immo
1018 2647 1159 2723 vigetque

180 2726 354 2804 eloquentia
376 2729 442 2788 eius
460 2735 580 2788 sacrata
594 2727 715 2804 scriptis
731 2731 829 2791 omnis
843 2731 976 2806 generis.
1006 2731 1159 2792 orationes

137 2821 140 2824 ·
179 2821 211 2872 et
225 2829 283 2888 pro
299 2827 334 2872 se
355 2814 467 2872 multae
488 2818 518 2872 et
538 2828 595 2889 pro
611 2813 678 2874 aliis
693 2815 767 2876 etin
783 2813 876 2874 allos:
898 2830 969 2874 nam
984 2830 1045 2875 non
1061 2816 1157 2876 solum

182 2896 357 2955 accusando
379 2895 435 2956 sed
458 2894 548 2954 etiam
569 2911 694 2957 causam
714 2897 845 2958 dicendo
861 2895 996 2974 fatigavit
1010 2898 1158 2958 inimicos.

179 2978 348 3038 simultates
369 2977 461 3039 nimio
483 2979 587 3052 plures
603 2987 633 3040 et
647 2988 849 3042 exercuerunt
863 2997 931 3041 eum
947 2983 1059 3057 etipse
1073 2996 1159 3042 exer·

180 3059 242 3120 cult
262 3075 332 3128 eas;
354 3076 412 3121 nec
433 3061 522 3120 facile
543 3062 673 3137 dixeris,
694 3072 794 3125 utrum
814 3065 911 3139 magis
930 3067 1078 3141 presserit
1092 3080 1157 3124 eum

181 3142 332 3214 nobilitas,
349 3158 387 3210 an
401 3144 453 3204 ille
467 3145 625 3220 agitaverit
638 3147 832 3208 nobilitatem.
865 3149 967 3224 asperi
982 3149 1089 3232 procul
1105 3148 1158 3208 du·

178 3225 230 3286 bio
245 3224 336 3286 anlml
351 3233 381 3287 et
394 3225 515 3302 linguae
530 3231 660 3290 acerbae
674 3238 704 3291 et
717 3231 878 3292 immodice
892 3231 1005 3293 liberae
1020 3231 1088 3304 luit,
1104 3229 1159 3290 sed

178 3309 282 3370 invicti
297 3325 315 3369 a
330 3311 547 3386 cupiditatibus
568 3311 657 3393 animi
679 3322 709 3375 et
722 3313 839 3388 rigidae
858 3315 1065 3388 innocentiae,
1088 3329 1158 3374 con·

179 3399 310 3468 temptor
331 3394 455 3470 gratiae,
468 3393 649 3456 divitiarum.
670 3397 700 3456 in
713 3395 907 3472 parsimonia,
919 3397 949 3458 in
963 3397 1106 3473 patientia
1118 3397 1159 3454 la
