2592 3964
240 250 956 330 LlBsslexlx.cAP.1a.ra.eo.[a.c.1so]
1042 256 1082 320 17
1126 232 1129 236 ’

98 421 160 466 non
172 401 275 464 minus
286 411 399 477 essent,
415 403 455 462 ila
466 403 497 464 id
510 419 631 464 sacrum
644 405 766 480 iaceret,
779 406 850 467 dnm
862 422 901 467 ne
912 409 982 482 plus
995 409 1081 482 quin-

97 503 160 562 que
175 486 328 547 sacrificio
343 485 535 562 interessent,
551 503 612 548 neu
624 505 685 563 qua
696 488 829 566 pecunia
840 491 1009 551 communis
1021 507 1080 553 neu

98 571 169 648 quis
190 569 336 645 magister
356 585 514 630 sacrorum
538 579 591 632 ant
611 573 760 634 sacerdos
775 580 867 634 esset.
896 573 975 634 XIX.
996 575 1080 636 uliud

97 655 211 716 deinde
232 652 303 714 huic
323 654 517 715 coniunctum
537 657 689 715 referente
705 655 867 730 amancio
889 659 1017 719 consule
1031 673 1080 719 sc-

97 745 189 799 natns
205 737 378 798 consultum
394 739 506 799 factum
521 746 576 812 est,
594 745 629 799 ut
643 740 682 799 de
695 739 743 813 iis,
761 757 839 814 quos
855 757 911 815 pro
927 741 1079 806 indicibus

97 821 246 884 consules
268 818 464 897 habuissent,
486 822 605 898 integra
623 837 675 902 res
695 823 735 884 ad
751 830 890 884 senatum
906 825 1079 901 referretur,

96 921 166 967 cum
189 903 243 980 sp.
264 903 438 966 Postumius
464 905 695 982 quaestionibus
720 907 864 983 perfectis
884 907 1012 968 Romam
1031 925 1080 968 re·

96 990 206 1051 disset.
242 986 367 1049 Minium
383 989 549 1050 Cerrinium
564 989 749 1066 Campanuun
764 991 898 1052 Ardeam
913 992 943 1052 in
958 991 1081 1052 vincula

96 1073 276 1135 mittendum
292 1082 486 1149 censuerunt,
500 1075 791 1150 magistratibusque
804 1076 980 1137 Ardeatium
990 1091 1079 1152 prae-

97 1157 277 1230 dicenduun,
300 1164 334 1216 nt
354 1157 515 1219 intentiore
537 1173 606 1217 eum
628 1158 770 1220 custodia
783 1160 996 1235 adservarem,
1017 1175 1078 1220 non

98 1243 200 1302 solum
221 1256 261 1300 ne
281 1239 445 1316 effugeret,
467 1242 524 1303 sed
545 1257 584 1301 ne
600 1243 706 1305 mortis
722 1243 964 1304 consciscendae
979 1244 1080 1306 locum

96 1323 233 1386 haberet.
261 1321 315 1399 sp.
329 1321 505 1385 Postumius
518 1325 674 1402 aliquanto
689 1332 763 1401 post
776 1327 904 1387 Romam
919 1327 1017 1387 venit:
1041 1342 1079 1388 eo

96 1409 249 1470 referente
275 1408 314 1468 de
337 1407 369 1466 P.
390 1409 514 1470 Aebutii
539 1415 569 1468 et
587 1407 735 1486 Hispalae
755 1409 907 1470 Feceniae
931 1409 1078 1486 praemio,

97 1491 184 1568 quod
204 1506 310 1553 eorum
332 1506 428 1568 opera
448 1491 797 1553 indicata·Bncchanatiu
812 1499 931 1566 essent,
953 1501 1079 1554 senatus

97 1575 271 1638 consultum
285 1576 399 1636 facturn
415 1583 476 1650 est,
494 1575 538 1637 uti
553 1575 684 1652 singulis
696 1575 746 1637 his
761 1583 890 1637 centena
903 1575 984 1636 milia
998 1577 1080 1638 aeris

97 1667 282 1735 quaestores
301 1658 412 1720 urbani
429 1661 601 1720 execratio
620 1659 743 1730 darent3
766 1661 872 1736 ntique
887 1661 996 1722 consul
1010 1676 1080 1722 cnm

95 1743 227 1804 tribunis
248 1741 348 1819 plebis
371 1751 490 1820 ageret,
510 1749 545 1803 ut
564 1745 604 1804 ad
617 1743 738 1820 plebem
751 1743 849 1819 primo
867 1743 992 1819 quoque'
1004 1750 1074 1804 tern-

95 1841 174 1902 pore
189 1823 333 1906 ‚ferront‚'
344 1834 378 1888 ut
390 1826 423 1886 P.
439 1827 572 1889 Aebutio
593 1826 718 1888 emerita
733 1826 886 1902 stipendia
899 1835 1019 1902 essent,
1040 1842 1080 1887 ne

95 1910 209 1971 invitus
229 1909 370 1971 militaret
383 1926 462 1971 neve
477 1926 624 1972 censores
638 1926 752 1988 equum
766 1911 921 1986 publicum
936 1909 1078 1986 adsigna·

97 2002 179 2064 rent;
213 1994 318 2070 utique
337 1993 488 2054 Feceniae
508 1994 655 2070 Hispalae
681 1994 763 2055 datio
793 1995 958 2056 deminutio
978 1994 1079 2070 gentis

96 2077 223 2152 enuptio
245 2077 354 2138 tutoris
376 2079 460 2153 optio
480 2078 550 2140 item
572 2083 671 2148 esset,
693 2076 782 2154 quasi
796 2077 825 2137 ei
838 2078 884 2136 vir
897 2084 1079 2140 testamento

96 2162 252 2230 dedisset;
281 2160 384 2236 utique
406 2162 435 2220 ei
455 2162 587 2237 ingenuo
608 2161 725 2221 nubere
739 2161 856 2234 liceret,
878 2177 939 2222 neu
961 2162 1036 2236 quid
1051 2162 1080 2222 ei

97 2245 148 2321 qui
162 2260 231 2306 eam
247 2244 389 2306 duxisset
402 2243 441 2306 ob
456 2245 488 2305 id
502 2243 602 2304 fraudi
617 2242 841 2318 ignominiaeve
855 2249 954 2314 esset;
975 2243 1080 2320 utique

96 2329 242 2389 consules
256 2335 495 2403 praetoresque,
518 2326 570 2402 qui
585 2341 667 2387 nunc
682 2333 787 2387 essent
802 2326 894 2401 quive
909 2333 1019 2402 postea
1032 2327 1079 2388 fu-

95 2413 154 2473 turi
168 2417 283 2486 essent,
300 2418 451 2486 curarent,
466 2426 506 2470 ne
520 2407 595 2486 quid
606 2410 634 2471 ei
644 2409 762 2482 mulieri
773 2410 901 2470 iniuriae
912 2409 1007 2485 fieret,
1022 2408 1080 2472 uti·

95 2511 157 2572 que
178 2502 242 2556 tuto
264 2501 357 2556 esset.
388 2495 422 2554 id
442 2499 582 2555 senatum
598 2494 678 2552 velle
693 2501 723 2554 et
736 2509 868 2569 aequum
884 2509 1026 2570 censere,
1046 2501 1080 2555 ut

94 2581 138 2640 ita
150 2578 247 2638 fieret
267 2593 305 2638 ea
319 2578 422 2640 omnia
431 2578 497 2638 lata
511 2577 551 2637 ad
565 2576 686 2651 plebem
701 2577 843 2651 factaque
858 2586 929 2640 sunt
938 2593 977 2638 cx
990 2591 1078 2638 sena-

93 2672 145 2724 tus
168 2662 327 2732 consulto;
351 2669 383 2722 et
403 2660 443 2721 de
464 2666 632 2721 ceterorum
650 2660 783 2720 indicum
798 2660 976 2736 impunitate
991 2676 1078 2736 prae·

94 2747 228 2820 miisque
244 2745 424 2806 consulibus
439 2743 625 2820 permissum
639 2750 694 2802 est.

179 2827 243 2888 XX.
265 2826 304 2890 Et
322 2828 383 2888 iarn
398 2827 431 2902 Q.
446 2827 579 2888 Marcius
602 2825 834 2902 quaestionibus
852 2842 928 2888 suae
941 2825 1078 2901 regionis

94 2903 242 2988 perfectis
257 2911 288 2971 in
304 2911 435 2987 Ligures
449 2910 639 2988 provinciam
652 2909 808 2985 proficisci
822 2909 965 2984 parabat,
980 2910 1077 2972 tribus

93 2994 218 3056 milibus
234 2995 370 3070 peditum
385 2995 601 3068 Romanorum,
617 3002 738 3055 centnm
754 2993 977 3072 quinquaginta
992 2993 1076 3071 equi·

95 3080 186 3151 tibus,
202 3086 233 3140 et
245 3080 381 3156 quinque
391 3078 512 3139 mitibus
524 3077 621 3139 Latini
632 3077 764 3139 nominis
774 3076 921 3152 peditum,
937 3077 1077 3138 ducentis

93 3163 251 3238 equitibus
276 3163 305 3222 in
331 3164 578 3239 supplementum
602 3161 747 3236 acceptis.
781 3160 889 3220 eudem
910 3161 1077 3236 provincia,

94 3245 178 3306 idem
198 3261 344 3306 numerus
365 3245 502 3321 peditum
522 3244 720 3321 equitumque
741 3249 771 3303 et
785 3244 922 3319 collegae
936 3244 1077 3304 decretus

92 3336 169 3389 erat.
191 3330 345 3390 exercitus
360 3338 547 3406 acceperunt
561 3344 641 3404 quos
658 3327 761 3402 priore
775 3343 855 3388 armo
868 3327 899 3389 C.
911 3324 1077 3388 Flaminius

94 3411 177 3472 etM.
189 3413 338 3473 Aemilius
355 3413 499 3474 consules
512 3413 692 3473 habuerunt.
716 3412 793 3471 duas
809 3419 969 3486 practerea
982 3407 1063 3483 legio

94 3510 151 3556 nes
177 3511 276 3557 novas
302 3513 341 3557 ex
365 3503 490 3556 senatus
515 3496 655 3556 consulto
682 3495 817 3554 scribere
837 3493 914 3555 iussi
936 3497 1021 3565 sunt,
1049 3500 1078 3556 et

137 3595 164 3636 r.
180 3595 243 3638 mvn
257 3596 333 3640 anns
347 3582 386 3639 V.
828 3577 831 3584 ’
850 3581 867 3633 2
