2574 3954
318 209 546 272 Lmeexcm.
570 186 934 296 cnr.1a.1s'.p.c.1so]
1049 197 1114 282 'ror

135 367 202 424 tum
216 370 273 422 cst.
297 375 444 422 censores
458 369 492 423 ut
507 377 575 422 eam
590 378 654 422 rem
668 363 855 439 adiuvarent,
872 363 914 426 ita
927 365 957 424 in
973 367 1116 430 contione

137 445 309 518 edixerunt,
325 446 424 520 legem
440 447 545 508 censui
561 447 716 508 censendo
732 448 868 512 dicturos
883 463 964 524 esse,
980 457 1013 512 ut
1027 467 1114 527 prae-

135 538 182 590 ter
201 544 362 591 commune
382 529 516 591 omnium
536 530 646 591 civium
666 531 877 592 iusiurandum
897 531 973 594 haec
995 535 1114 596 adiura-

133 621 204 674 rent
228 621 280 688 „tu
300 611 401 674 minor
420 613 509 674 annis
529 629 586 674 sex
607 621 638 674 et
664 613 865 690 quadraginta
885 631 936 692 es,
960 624 1055 693 tuque
1076 635 1116 680 ex
1178 680 1181 686 ,,

136 696 294 758 edictali.
317 697 433 758 Claudii
453 697 495 756 Ti.
518 695 691 773 Sempronii
716 713 879 759 censorum
906 700 945 759 ad
972 701 1112 775 dilectum

137 780 295 856 prodibis;
310 789 340 842 et
354 781 609 857 quotiescumque
624 782 751 843 dilectus
764 783 829 856 erit,
846 784 991 859 quamdiu
1001 785 1032 844 tri
1043 801 1114 846 cen-

136 880 226 926 sores
242 865 451 940 magistratum
466 864 629 940 habebunt,
649 865 778 926 similes
794 867 892 928 lactus
907 882 969 927 non
985 868 1061 944 eris,
1083 869 1114 928 in

135 950 249 1008 dilectu
269 946 454 1024 prodibisr⁴‘
482 949 552 1008 item
568 947 641 1024 quia
660 950 740 1009 lama
754 956 820 1009 erat
832 951 944 1011 multos
960 967 1000 1011 cx
1012 951 1114 1014 Mace-

136 1033 256 1093 ‹lonicis
276 1031 448 1108 legionibus
468 1031 592 1093 incertis
614 1033 832 1096 commeatibus
852 1049 908 1108 per
922 1035 1115 1096 ambitionem

136 1119 353 1193 imperatorum
375 1114 413 1174 ab
433 1115 570 1176 exercitu
584 1115 711 1190 abesse,
731 1117 891 1178 edixerunt
911 1117 951 1178 de
969 1119 1113 1180 militibus

137 1201 168 1260 P.
189 1200 278 1260 Aelio
301 1200 331 1260 G.
352 1197 481 1274 Popillio
507 1200 687 1260 consulibus
710 1207 820 1275 postve
841 1215 897 1262 eos
918 1205 1062 1264 consules
1083 1205 1112 1263 in

135 1283 346 1344 Macedoniam
361 1282 500 1357 scriptis,
521 1289 555 1342 ut
570 1283 622 1358 qui
637 1299 742 1344 eorum
756 1284 787 1343 in
801 1284 886 1344 ltalia
901 1292 1015 1360 essent,
1036 1287 1113 1348 intra

138 1368 206 1428 dies
227 1366 359 1444 triginta,
382 1367 467 1426 censi
481 1367 568 1441 prius
583 1367 667 1442 apud
681 1382 762 1440 sese,
784 1367 814 1426 in
829 1368 1020 1442 provinciam
1033 1371 1111 1430 redi·

135 1459 220 1520 ream
236 1451 332 1526 quiin
348 1450 442 1526 patris
459 1451 568 1511 autari
581 1457 731 1526 potestate
743 1458 858 1525 essent,
874 1467 979 1512 eorum
991 1455 1114 1513 nomina

134 1535 176 1596 ad
190 1551 226 1596 se
240 1535 412 1596 ederentur.
435 1533 600 1596 missorum
622 1549 748 1610 quoque
762 1549 874 1596 causas
890 1551 962 1598 sese
976 1536 1109 1611 cognitu·

134 1635 188 1680 ros
204 1634 290 1690 esse;
313 1624 344 1678 et
358 1634 488 1694 qnorum
505 1627 574 1680 ante
588 1619 713 1680 emerita
726 1617 880 1694 stipendia
893 1619 1029 1694 manase
1044 1622 1113 1681 mis-

136 1704 184 1764 sio
199 1702 258 1764 sibi
272 1701 339 1763 visa
355 1709 453 1776 esset,
475 1717 530 1763 eos
552 1703 660 1764 milites
680 1702 746 1763 ficri
760 1703 912 1764 iussuros.
940 1703 999 1765 hoe
1014 1705 1114 1765 edicto

134 1787 302 1861 litterisque
315 1801 478 1848 censorum
490 1803 545 1862 per
556 1788 623 1848 lora
634 1794 665 1847 et
675 1785 877 1868 conciliabula
889 1787 1024 1847 dimissis
1032 1794 1113 1849 tanta

134 1870 294 1933 multitudo
309 1869 461 1932 iuniorum
474 1871 601 1934 Romam
617 1871 768 1944 convenit,
783 1878 817 1931 ut
829 1870 931 1946 gravis
945 1869 1012 1930 urbi
1026 1871 1114 1932 turba

134 1955 257 2016 insolita
271 1961 364 2014 esset.
387 1955 452 2016 XV.
475 1962 597 2030 praeter
611 1954 753 2015 dilectum
770 1969 886 2028 eorum,
903 1971 982 2030 quos
997 1953 1027 2014 in
1041 1971 1108 2031 sup·

134 2041 321 2123 plementum
339 2038 414 2100 mitti
429 2038 605 2114 oportebat,
632 2045 807 2112 quattuora
827 2039 857 2099 C.
873 2037 1009 2114 Sulpicio
1026 2055 1111 2114 prae·

136 2130 202 2184 tore
211 2122 346 2198 scriptae
357 2123 497 2198 legiones
510 2129 589 2197 sunt,
602 2119 741 2197 intraque
752 2121 894 2182 undecim
904 2121 971 2182 dies
984 2122 1113 2182 dilectus

134 2214 183 2268 est
194 2207 359 2282 perlectus.
374 2207 519 2268 consules
531 2205 643 2266 deinde
655 2206 752 2266 sortiti
765 2205 940 2280 provincias
952 2210 1031 2264 sunt.
1043 2222 1113 2264 nam

135 2296 295 2366 praetores
316 2297 443 2366 propter
462 2289 701 2351 iurisdictionem
726 2286 871 2350 maturius
897 2288 993 2350 sortiti
1019 2297 1114 2350 erant.

135 2374 252 2436 urbana
273 2373 305 2434 C.
327 2373 480 2450 Sulpicio,
502 2373 664 2450 peregrina
678 2373 709 2433 C.
726 2371 860 2438 Decimio
876 2371 1040 2448 obtigerat3
1062 2372 1113 2432 Hi·

136 2458 278 2534 spaniam
296 2458 336 2518 M.
360 2458 503 2520 claudius
522 2459 701 2533 Marcellus,
724 2457 857 2518 Siciliam
873 2455 938 2518 Ser.
956 2456 1114 2517 cornelius

135 2544 292 2617 Lentulus,
309 2542 480 2604 Sardiniam
488 2543 527 2602 Ῥ.
543 2543 687 2604 Fonteius
704 2541 819 2618 Capito,
840 2543 971 2602 classem
987 2540 1019 2600 C.
1034 2540 1113 2600 Mar·

135 2627 201 2688 cius
221 2627 347 2700 Figulus
368 2634 433 2687 erat
453 2628 586 2688 sortitus.
611 2626 771 2688 consulum
793 2626 845 2686 Cn.
867 2623 997 2686 Servilio
1019 2625 1112 2698 ltalia,

137 2711 171 2784 Q.
193 2710 306 2770 Marcio
328 2709 510 2772 Macedonia
530 2712 663 2772 obvenit.
689 2710 867 2784 Latinisque
884 2709 961 2770 actis
980 2707 1115 2768 Marcius

136 2795 290 2868 extemplo
319 2801 367 2856 est
392 2796 559 2870 proiectus.
589 2793 742 2868 Caepione
766 2791 877 2853 deinde
897 2794 1049 2851 referente
1075 2791 1114 2850 ad

136 2886 291 2952 senatum,
314 2895 391 2954 quas
412 2895 452 2939 ex
467 2877 556 2940 novis
575 2877 747 2952 legionibus
763 2877 841 2938 duas
857 2876 994 2951 legiones
1010 2890 1114 2936 secum

137 2961 168 3022 in
185 2963 312 3022 Galliam
328 2964 467 3036 duceret,
490 2963 655 3022 decrevero
670 2968 789 3036 patres,
810 2967 843 3021 ut
857 2958 888 3019 C.
906 2959 1060 3036 SulpicIus
1074 2959 1114 3018 ru.

137 3046 281 3106 Claudius
303 3054 461 3121 praetores
483 3063 521 3106 ex
542 3046 590 3106 bis
612 3061 691 3122 quas
713 3043 912 3121 scripsissent
932 3043 1114 3120 legionibus,

139 3146 217 3206 quas
230 3132 395 3205 rideretur,
409 3132 528 3192 consuli
540 3131 657 3191 darent.
672 3129 796 3205 indigne
807 3128 928 3205 patiens
940 3135 1116 3204 praetorum

138 3214 260 3275 arbitrio
282 3217 440 3277 consulem
461 3213 645 3287 subiectum,
668 3214 795 3274 dimisso
810 3220 919 3274 senatu
933 3214 972 3273 ad
987 3213 1116 3274 tribunal

137 3305 313 3374 praetorum
328 3307 413 3360 stans
429 3299 610 3375 postulavit,
628 3313 668 3358 ex
683 3305 807 3358 senatos
825 3299 966 3359 consulto
983 3295 1116 3354 destina-

138 3389 205 3442 rent
227 3383 284 3443 sibi
306 3385 385 3444 duas
406 3383 553 3458 legiones.
583 3388 741 3458 praetores
765 3382 900 3443 consulis
921 3381 952 3438 in
974 3376 1115 3451 eligendo

137 3467 293 3526 arbitrium
308 3469 453 3527 lecerunt.
