2598 3956
208 219 322 280 LtBltR
336 220 425 280 XLII.
446 219 528 280 CAP.
540 228 584 284 29.
599 229 643 284 30.
658 222 695 300 [6.
705 225 740 280 U.
753 245 777 284 o.
789 228 849 285 581.
862 245 885 280 6.
899 229 932 282 C.
946 228 1007 302 171]
1052 223 1116 287 153

216 371 320 434 XXIX.
341 371 374 432 Ρ.
390 370 506 433 Licinio
518 373 550 433 0.
565 373 671 436 066616
687 375 866 438 consulibus
882 393 943 438 non
958 379 1031 440 urbs
1047 388 1111 441 tan-

133 466 196 520 tum
210 457 307 517 Roma
322 471 380 517 nec
393 463 476 518 terra
488 457 583 530 116116,
598 458 654 518 666
670 475 778 520 omnes
793 475 885 536 reges
900 462 1111 539 civitatesque,

133 557 213 618 quae
228 539 258 600 in
273 540 397 616 Europa
412 556 552 617 quaeque
568 541 597 600 in
612 544 688 602 Asia
703 551 802 618 erant,
820 553 1032 606 converterant
1047 549 1110 607 ani·

132 641 200 688 mos
214 624 245 684 in
260 639 363 684 curum
374 623 564 685 Macedonici
580 638 617 685 ae
627 625 756 687 Romani
766 627 847 687 belli.
869 627 1026 690 Eumenen
1041 647 1112 692 cuni

132 717 221 770 vetus
236 707 340 768 odium
354 707 540 782 stimulabat,
555 714 618 768 tum
631 725 741 770 recens
755 710 817 785 ira,
831 713 915 786 quod
931 715 1049 774 scelere
1062 731 1108 774 re-

132 794 181 869 gis
196 807 293 869 prope
307 798 340 851 ut
354 791 475 852 victima
495 798 643 853 mactatus
658 792 784 869 Delphis
799 801 891 854 esset.
918 794 1044 856 Prusias
1059 798 1106 856 Bi·

134 876 259 956 thyniae
274 891 329 935 rex
343 881 490 936 statuerat
503 875 656 937 abstinere
671 877 764 938 armis
779 887 982 954 eventumque
997 895 1109 956 exspe-

132 968 229 1021 ctarer
252 975 321 1020 nam
342 975 443 1034 neque
462 960 618 1021 Romanos
641 977 739 1037 posse
755 975 892 1038 aequum
915 979 1042 1024 censere
1056 965 1109 1024 ad·

133 1060 241 1106 versus
254 1044 377 1103 16616661
388 1042 493 1104 uxoris
505 1060 589 1104 arma
600 1046 687 1120 16666,
704 1051 735 1105 et
742 1045 827 1121 apud
837 1045 950 1106 Persea
961 1047 1109 1108 victorem

130 1127 251 1189 veniam
271 1141 329 1202 per
348 1142 486 1188 sororem
501 1128 719 1204 impetrabilem
734 1131 809 1189 lore.
837 1115 1014 1192 Ariarathes
1030 1131 1106 1206 066

133 1211 283 1288 padocum
306 1226 376 1284 rex,
398 1219 610 1287 praeterquam
633 1211 716 1288 quod
736 1213 884 1274 Romanis
905 1229 963 1274 suo
985 1214 1109 1276 nomine

131 1295 243 1357 auxilia
262 1294 415 1370 pollicitus
431 1302 509 1368 erat,
529 1311 569 1354 ex
585 1311 646 1370 quo
662 1303 710 1356 est
723 1297 844 1357 iunctus
857 1296 984 1356 Eumeni
1000 1298 1109 1362 adlini-

132 1386 206 1454 tate,
227 1377 258 1440 in
278 1378 382 1440 omnia
402 1378 473 1439 belli
493 1378 643 1455 pacisque
665 1395 700 1438 66
720 1381 954 1440 consociaverat
968 1381 1107 1442 consilia.

129 1463 298 1524 Antiochus
313 1461 488 1522 imminebat
501 1463 625 1538 quidem
640 1462 773 1540 Aegypti
784 1478 890 1538 regno,
907 1471 937 1524 et
948 1464 1107 1540 pueritiam

130 1547 209 1622 regis
236 1554 266 1608 et
291 1545 428 1607 inertiam
454 1553 586 1622 tutorum
612 1561 778 1621 spernens;
811 1555 841 1608 61
860 1545 1043 1622 ambigendo
1066 1550 1107 1609 de

131 1631 221 1692 06616
242 1629 333 1710 Syria
353 1645 477 1690 causam
497 1629 569 1690 belli
590 1647 625 1690 se
640 1630 811 1692 habiturum
825 1629 1032 1706 existimabat,
1053 1646 1103 1708 ge

131 1721 310 1791 sturumque
330 1713 398 1776 sine
417 1715 480 1776 ullo
501 1708 717 1790 impedimento
739 1715 898 1792 66666666
912 1716 1082 1777 Romanis
1075 1733 1105 1774 rn

129 1798 329 1861 Macedonico
350 1797 430 1860 bello
452 1799 484 1859 id
503 1798 631 1859 bellum:
660 1805 759 1859 tamen
781 1799 883 1859 omnia
902 1803 932 1858 et
953 1815 1009 1874 per
1028 1816 1106 1860 suos

128 1884 247 1958 legatos
262 1881 383 1944 senatui
397 1882 508 1958 etipse
523 1883 630 1957 legatis
647 1898 751 1943 eorum
764 1883 853 1944 enixe
865 1882 1018 1957 pollicitus
1030 1890 1095 1944 6661
1097 1927 1104 1942 .

128 1966 320 2029 Ptolemaeus
336 1973 461 2042 propter
475 1973 602 2027 aetatem
617 1965 708 2027 alieni
724 1967 814 2030 etiam
826 1975 887 2028 tum
899 1966 1013 2026 arbitrii
1025 1973 1107 2026 6661·

127 2058 245 2112 1616666
259 2059 290 2112 61
302 2051 416 2112 bellum
429 2050 580 2110 adversus
595 2050 778 2111 Antiochum
794 2049 952 2126 parabant
967 2065 1029 2126 quo
1040 2051 1105 2109 vin·

127 2135 264 2197 dicarent
278 2133 390 2196 Coelen
406 2133 543 2212 Syriam,
564 2140 594 2194 et
606 2133 753 2196 Romanis
769 2136 869 2194 omnia
884 2133 1107 2208 pollicebantur

128 2219 169 2278 ad
188 2208 421 2280 Macedonicum
443 2219 564 2278 bellurn.
592 2217 830 2277 Masinissal
772 2223 802 2277 61
816 2219 966 2278 frumento
981 2216 1106 2277 iuvabat

111 2327 113 2332 ·
128 2302 294 2378 Romanos,
315 2311 345 2364 et
359 2301 471 2363 auxilia
486 2318 554 2363 cum
569 2300 739 2376 elephantis
751 2301 994 2397 Misagenenque
1010 2300 1105 2379 lilium

128 2387 245 2446 mittere
260 2387 300 2448 66
313 2387 426 2446 bellum
442 2385 580 2462 parabat.
603 2385 732 2445 consilia
746 2385 869 2446 autem
862 2401 891 2444 m
907 2385 1104 2446 6616666166-

128 2477 230 2530 tunam
250 2471 292 2530 ita
311 2471 463 2546 disposita
481 2469 627 2530 habebam
648 2468 675 2528 si
696 2484 792 2544 penes
806 2469 963 2530 Romanos
978 2468 1106 2529 victoria

127 2561 226 2628 esset,
254 2569 327 2616 6666
348 2569 472 2631 quoque
493 2554 523 2613 in
544 2553 653 2614 eodem
674 2560 754 2614 statu
774 2566 935 2614 mansuras
956 2568 1007 2612 res
1023 2567 1104 2624 esse,

127 2653 228 2713 neque
250 2639 329 2699 61166
349 2638 511 2714 quicquam
533 2637 734 2707 movendum
763 2652 825 2698 non
847 2636 928 2697 enim
953 2651 1106 2711 passuros

124 2722 283 2782 Romanos
297 2721 358 2781 vim
372 2719 672 2797 carthaginiensibus
687 2720 815 2781 adferri=
832 2721 859 2780 si
875 2722 988 2780 1666166
1000 2727 1105 2781 666661

126 2819 205 2881 6666
216 2806 433 2879 Romanorum,
450 2819 529 2882 quae
544 2814 606 2867 tum
622 2810 817 2879 protegerent
828 2802 1105 2877 Carthaginienses,

127 2905 214 2950 suam
235 2905 356 2951 omnem
369 2887 506 2950 Africam
520 2889 595 2948 1666.
626 2888 750 2948 Gentius
765 2903 821 2946 rex
835 2887 1006 2964 lllyriorum
1023 2887 1104 2946 lece·

126 2975 299 3052 ratpodus,
323 2990 378 3034 eur
392 2979 556 3048 suspectus
572 2979 657 3033 esset
669 2971 824 3045 Romanis,
847 2987 937 3046 quern
953 2970 1028 3030 satis
1043 2975 1104 3030 sta·

128 3063 233 3130 166661,
249 3058 612 3131 6166616666616661616,
628 3056 805 3131 impetuque
818 3055 914 3131 magis
927 3071 1018 3130 quam
1030 3069 1104 3116 con-

127 3138 196 3200 silio
216 3137 265 3200 his
280 3146 333 3200 aut
345 3140 404 3202 illis
425 3156 460 3200 se
476 3140 675 3200 adiuncturus
690 3139 859 3200 videbatur.
884 3138 979 3218 Cotys
993 3137 1106 3211 Thrax,

129 3221 319 3302 Odrysarum
334 3239 399 3296 rex,
415 3222 475 3283 iam
488 3222 693 3284 Macedonum
708 3223 802 3298 partis
817 3229 891 3283 erat.

210 3305 302 3368 XXX.
320 3307 404 3366 llaec
419 3307 568 3366 sententia
582 3306 708 3382 regibus
724 3322 794 3367 cum
808 3313 892 3367 esset
907 3304 1051 3375 debello,
1072 3303 1103 3361 in

128 3389 232 3452 liberis
248 3389 389 3466 gentibus
404 3389 592 3466 populisque
606 3389 694 3466 plebs
708 3389 823 3464 ubique
838 3387 938 3451 omnis
953 3388 1056 3458 senne,
1071 3394 1105 3446 ut

126 3476 220 3549 solet,
240 3471 402 3535 deterioris
422 3473 545 3536 666166
565 3477 670 3550 regern
683 3469 933 3548 Macedonasque
947 3469 1104 3530 inclinatas
