2598 3956
210 205 272 270 lll
292 206 493 269 LtBlleLl.
516 205 654 266 capua.
668 213 708 266 rs.
722 213 764 266 14.
789 211 825 278 [a.
834 208 868 262 υ.
877 211 967 268 uste.
979 225 1004 263 a.
1013 211 1045 263 c.
1055 212 1116 278 177]

206 357 320 439 llumen
339 359 368 418 in
391 372 517 432 campos
540 356 697 432 progressi
718 361 818 415 castra
840 354 995 416 habebant
1008 355 1126 428 hostes.
1149 357 1190 418 ibi
1290 401 1295 441 ,ς

206 458 275 502 cum
299 441 346 502 his
368 441 434 500 acie
459 439 641 500 dimicatum.
677 439 852 514 quindecim
878 441 960 498 milia
986 455 1093 513 caesa,
1119 443 1190 516 plus
1288 444 1293 460 ⁴

208 523 393 600 septingenti
413 530 466 587 aut
486 523 519 582 in
538 524 655 599 proelio
676 531 728 584 aut
747 525 777 582 in
793 523 903 584 castris
916 555 960 566 -
974 540 1044 583 narn
1060 540 1097 583 ea
1114 543 1189 599 quo

206 623 267 684 que
287 614 463 684 expugnata
484 615 556 668 sunt
571 607 714 682 -eapti,
736 613 766 666 et
781 605 870 682 sigua
890 606 1029 670 militaria
1050 625 1144 670 unum
1161 615 1191 670 et

206 691 426 768 quinquaginta
441 698 540 766 napta.
561 691 704 766 Ligures,
723 689 871 766 reliquiae
886 691 1006 765 caedis,
1023 691 1053 752 in
1068 700 1189 753 montes
1286 709 1295 748 r

204 777 382 852 refugerunt
403 776 536 850 passim;
560 774 783 850 populantique
804 779 993 850 campestres
1009 791 1101 850 agros
1117 791 1188 837 con·
1294 771 1295 794 ³

204 861 262 920 suli
289 860 371 920 nulla
391 875 523 933 usquam
545 864 754 933 apparuerunt
773 873 866 918 anna.
899 857 1044 919 Claudius
1061 861 1189 921 duamm
1293 889 1295 936 ς

204 943 337 1018 gentium
352 959 413 1003 uno
429 957 509 1002 anno
524 940 628 1015 victor,
642 940 773 1016 duabus,
790 942 874 1016 quod
888 937 958 1010 rare
970 941 1059 1017 alius,
1073 942 1103 1002 in
1117 958 1189 1004 con·
1289 939 1295 1006 .’

203 1027 302 1087 sulatu
319 1026 436 1100 pacatis
451 1024 619 1100 provinciis
634 1025 762 1085 Romam
775 1021 908 1085 revertit.
981 1089 982 1092 Ἴ
1022 1093 1024 1098 ,

287 1109 365 1168 ΧΙΙΙ.
386 1108 531 1182 Prodigia
545 1124 582 1168 eo
599 1123 680 1168 anno
694 1108 837 1180 nuntiata,
853 1109 883 1168 in
897 1108 1087 1169 Crusurmino
1099 1125 1187 1182 auem

204 1193 391 1267 sanqualem,
406 1208 495 1266 quam
507 1199 627 1264 vocant,
636 1207 758 1252 saeuum
771 1192 903 1267 lapidem
916 1193 1189 1268 rostrocecidisse,
1231 1243 1233 1247 ,

203 1274 315 1337 bovem
337 1277 366 1335 in
383 1274 549 1352 Campania
571 1276 718 1348 locutam,
741 1291 866 1335 vaccam
881 1291 1006 1336 aeneam
1022 1275 1188 1354 Syracusis

202 1359 241 1420 ab
257 1359 370 1435 agresti
385 1367 488 1435 tauro,
505 1360 557 1435 qui
572 1374 686 1435 pecore
701 1359 1004 1435 aberrasset'initam
1018 1375 1055 1420 ac
1068 1361 1187 1422 semine

203 1445 394 1519 adspersam.
422 1442 454 1506 in
470 1443 663 1508 Crustumino
684 1443 764 1504 diem
786 1460 879 1504 unum
899 1443 1014 1519 inipso
1030 1446 1188 1520 locosup·

203 1527 325 1603 plicatio
342 1528 411 1602 luit,
427 1527 500 1588 etin
516 1527 681 1602 Campania
695 1526 753 1588 bos
769 1527 880 1587 alenda
894 1525 1017 1603 publice
1032 1525 1112 1599 data,
1129 1527 1187 1605 Sy·

202 1625 449 1685 racusanumque
465 1611 639 1685 prodigium
654 1611 807 1685 expiatum
819 1610 909 1672 editis
922 1611 959 1670 ab
971 1611 1187 1686 haruspicibus

203 1694 272 1770 diis,
289 1692 401 1776 quibus
417 1694 652 1770 supplicaretur.

285 1777 424 1840 Pontifex
439 1793 477 1839 eo
493 1793 573 1839 anno
589 1783 727 1840 mortuus
743 1787 791 1840 est
803 1777 843 1838 Μ.
856 1779 1002 1840 Claudius
1014 1778 1186 1850 Marcellus,

180 1863 181 1868 ’
203 1863 255 1938 qui
277 1863 387 1924 consul
407 1877 581 1938 censorque
596 1863 702 1923 luerat.
732 1863 761 1922 in
778 1864 844 1923 eius
860 1861 1126 1930 locumsuffectus
1140 1869 1189 1923 est

1293 1875 1295 1920 t

204 1947 340 2020 pontifex
355 1946 436 2007 lilius
449 1945 515 2007 eius
526 1945 566 2005 M.
579 1945 751 2006 Marcellus.
772 1954 802 2007 et
812 1947 928 2008 Lunam
943 1947 1066 2008 colonia
1076 1947 1186 2007 eodem
1294 1957 1295 1966 ¹

201 2045 282 2094 anno
304 2030 367 2091 duo
385 2029 468 2090 milia
482 2031 592 2092 civium
606 2030 813 2092 Romanorum
828 2038 899 2092 sunt
913 2031 1053 2092 deducta.
1083 2031 1186 2091 trium·
1232 2105 1234 2110 Ι

201 2113 258 2176 viri
280 2113 473 2181 deduxerunt
492 2112 524 2173 P.
539 2113 649 2174 Aelius
668 2113 708 2173 M.
723 2114 872 2176 Aemilius
891 2115 1027 2191 Lepidus
1043 2114 1093 2176 en.
1111 2112 1187 2174 Sici·

201 2198 287 2268 nius;
310 2199 527 2274 quinquagena
547 2206 577 2258 et
598 2198 719 2274 singula
739 2200 846 2274 iugera
860 2207 890 2260 et
909 2200 1057 2260 semisses
1072 2198 1138 2275 agri
1152 2197 1184 2256 in

202 2283 341 2356 singulos
358 2284 420 2342 dati
435 2289 516 2344 sunt.
534 2282 691 2356 deltigure
701 2280 729 2344 is
739 2289 846 2356 captus
861 2295 934 2354 ager
946 2285 1024 2351 ¹ereb
1041 2282 1185 2343 Etrusco-

200 2381 266 2425 rum
282 2372 352 2425 ante
369 2382 459 2440 quarn
473 2366 618 2441 Ligurum
633 2367 741 2428 suerat.

286 2449 317 2508 C.
334 2448 476 2510 claudius
499 2451 607 2512 consul
625 2449 899 2519 enumeraverit,
922 2450 985 2522 cui,
1007 2464 1075 2524 cum
1091 2448 1121 2506 in
1137 2463 1185 2508 se·

200 2537 272 2591 natu
287 2532 327 2592 de
340 2530 433 2594 rebus
448 2533 477 2592 in
489 2532 603 2594 Histria
613 2533 839 2608 Liguribusque
852 2547 1003 2608 prospere
1014 2530 1110 2606 gestis
1122 2530 1185 2590 dis·

200 2615 357 2690 seruisset,
373 2619 540 2693 postulanti
557 2617 728 2692 triumphus
743 2625 791 2678 est
805 2618 956 2678 decretus.
990 2613 1186 2690 triumphavit

199 2699 230 2758 in
245 2699 422 2774 magistratu
438 2701 478 2762 de
492 2700 614 2762 duabus
628 2702 719 2762 simul
733 2700 885 2777 gentibus.
906 2700 972 2760 tulit
984 2698 1015 2758 in
1024 2712 1068 2777 ,eo
1081 2697 1185 2760 trium·

199 2781 262 2858 pho
275 2783 435 2846 denarium
451 2793 587 2846 trecenta
603 2791 721 2860 septem
735 2784 833 2859 milia,
849 2792 879 2845 et
892 2783 1083 2844 victoriatum
1099 2788 1185 2843 octo·

198 2865 282 2940 ginta
304 2867 441 2944 quinque
462 2868 544 2929 milia
563 2869 775 2945 septingentos
793 2870 882 2931 duos.
916 2866 1060 2926 militibus
1075 2865 1105 2925 in
1121 2866 1184 2926 sin·

197 2950 289 3021 gulos
310 2951 395 3025 quini
413 2950 483 3012 deni
499 2951 617 3012 denarii
632 2953 710 3025 dati;
736 2954 850 3030 duplex
868 2949 1051 3026 centurioni,
1071 2949 1185 3025 triplex

198 3032 301 3105 equiti.
326 3033 421 3095 sociis
436 3033 563 3098 dimidio
578 3035 678 3096 minus
694 3053 786 3112 quam
802 3035 919 3097 civibus
937 3035 1050 3096 datum.
1078 3034 1184 3110 itaque

197 3115 289 3189 taciti,
305 3123 339 3176 ut
353 3118 447 3180 iratos
464 3134 537 3180 esse
551 3119 690 3195 sentires,
706 3120 802 3182 secuti
817 3126 888 3181 sunt
902 3135 1032 3181 curmrn.

281 3199 360 3262 XIV.
384 3201 458 3270 Cum
480 3203 507 3264 is
529 3201 700 3279 triumphus
721 3205 761 3267 de
774 3203 936 3280 Liguribus
952 3203 1112 3280 agebatur,
1134 3201 1181 3262 li-

195 3298 290 3358 gures
312 3291 478 3362 postquam
498 3295 663 3358 senserunt
676 3305 738 3350 uon
754 3289 947 3351 consularem
962 3294 1079 3349 tantum
1092 3283 1180 3346 exe'r·

193 3366 286 3429 citum
297 3369 426 3432 Romam
438 3370 610 3447 abductum,
627 3373 684 3435 sed
696 3373 847 3450 legionem
859 3372 897 3434 ab
909 3373 952 3433 Ti.
964 3369 1091 3433 ctaudio
1101 3367 1182 3429 Pisis

193 3449 370 3541 dimissam,
390 3456 592 3534 solutimetu,
615 3456 692 3519 clam
708 3455 845 3522 exercitu
859 3455 989 3532 indicto,
1012 3471 1068 3532 per
1081 3462 1180 3516 trans-
