2574 3954
285 205 400 267 LIBER
410 207 499 268 XLll.
523 209 605 270 cnP.
619 218 662 273 53.
677 219 720 274 54.
743 219 780 287 [et
793 219 825 272 C.
840 222 902 287 171]
1018 217 1081 283 175

100 362 237 418 mentum
258 356 463 431 pollicendum
484 358 524 418 ed
544 358 665 420 bellum.
697 361 838 424 omnibus
853 365 968 439 gratiae
983 376 1078 444 actae,

100 439 266 500 remissum
280 439 437 500 omnibuss
459 439 533 502 satis
553 443 657 517 regios
672 453 843 521 apparatus
855 448 896 510 ed
912 449 1079 513 aedictum

100 523 253 584 sulficere.
276 521 420 582 vehicula·
432 527 717 602 tentumimpcrats,
731 533 1077 596 uttcrmentatclorum·

99 620 162 683 que
187 605 349 666 missilium
375 605 527 680 ingentem
553 608 614 669 vim
635 621 848 686 praeparatam
873 613 1089 694 bellicumque.

99 687 185 750 aliud
197 687 430 750 instrumentum
443 689 597 752 uenerem.

182 770 342 832 Proiectus
362 772 434 834 ioue
454 780 519 835 tctc
534 775 684 849 eaerum,
704 777 876 840 Eordaeam
890 786 1015 856 petens,
1035 779 1102 844 ao'

96 855 286 931 Begorritem
308 870 398 930 quem
419 863 531 918 vocant
551 857 652 920 laeum
671 861 781 935 positis
804 861 927 936 cesule,
948 872 1077 940 postero

99 939 150 999 die
163 936 196 998 in
209 938 356 999 Elimeam
369 939 410 1000 ad
423 939 624 1003 Haliacmona
638 941 764 1004 ssaviam
779 942 940 1020 processit.
964 949 1078 1008 deinde

98 1021 321 1096 sannangueto
332 1023 661 1100 superaoemontilms,
673 1027 1087 1106 qucsCamtaunicsvocant,

98 1103 261 1191 descendit
274 1106 314 1166 ad
327 1106 462 1177 Azorum
476 1107 622 1184 Pythiam
632 1114 665 1170 et
674 1110 839 1172 Dolichen:
861 1112 1006 1188 Tripolim
1021 1132 1075 1174 va-

97 1194 169 1249 cant
183 1188 360 1250 incolentes.
383 1189 459 1251 haec
473 1191 531 1251 trie
542 1192 658 1268 oppida
669 1194 829 1270 paulisper
839 1203 987 1271 cunctata,
1003 1199 1075 1272 quia

97 1272 224 1333 obsides
244 1271 397 1333 Larisaeis
418 1274 580 1349 deomant,
602 1275 682 1336 vieta
701 1285 802 1338 amen
822 1280 977 1353 praesenti
992 1287 1086 1342 metu

95 1356 128 1415 in
149 1353 335 1416 deditionem
355 1364 585 1420 concesserunt.
606 1359 739 1434 benigne
752 1359 801 1420 his
815 1361 977 1438 appelletis
991 1362 1074 1430 hauo

97 1437 209 1500 dubius
222 1437 413 1500 Perrhaebos
429 1453 555 1516 quoqne
568 1439 650 1502 idem
663 1442 707 1516 **,
723 1443 838 1517 urbem,
861 1443 933 1504 nihil
950 1454 1072 1507 cuncta·

96 1523 135 1584 tis
158 1520 210 1598 qui
231 1522 420 1598 incolebant,
440 1523 540 1599 prime
561 1523 694 1586 adventu
713 1523 831 1601 recipit.
860 1527 997 1606 Cyretias
1019 1543 1074 1604 cp
1123 1571 1124 1574 κ

94 1621 234 1682 pugnare
249 1613 384 1681 coactus,
399 1607 498 1682 primo
510 1606 600 1672 etiam
615 1607 665 1669 oie
675 1609 739 1670 aeri
750 1623 905 1670 concursu
914 1610 954 1671 ad
965 1620 1074 1687 pertas

95 1696 279 1750 armatorum
293 1694 341 1749 est
359 1691 519 1766 repulsus:
542 1699 668 1766 postero
683 1691 733 1752 die
748 1690 889 1756 omnibus
905 1696 1004 1768 copiis
1018 1697 1074 1758 ad·

95 1779 183 1834 crtus
194 1773 225 1832 in
237 1770 423 1834 deditionem
435 1779 541 1834 munes
553 1775 894 1852 eutenoetamaccepit.
914 1777 990 1840 Lrv.
1002 1778 1071 1854 my-

94 1858 153 1931 lae,
166 1855 339 1932 prcrrimum
353 1857 511 1932 oppidum,
526 1857 568 1918 ite
581 1858 743 1932 munitum,
767 1866 801 1920 ut
814 1859 1073 1935 inexsuperabilis

93 1939 270 2001 munimenti
294 1945 369 2019 spes
394 1939 514 2002 incolas
537 1942 706 2003 feraciores
727 1942 855 2016 iaceret,
880 1959 942 2004 non
964 1951 1071 2018 portas

95 2022 401 2098 claudereregisetis
412 2023 592 2099 habuerunt,
603 2023 1076 2102 sedprcbrlsqucoueinipsum

92 2106 344 2182 Macedonasque
368 2107 552 2182 procacibus
572 2107 693 2169 iaculati
715 2115 795 2169 sunt·
830 2123 980 2184 quaeres
1002 2125 1071 2170 cum

93 2190 283 2252 intentiorem
302 2188 422 2252 irenem
443 2191 484 2251 ad
498 2192 738 2267 oppugnandum
753 2191 893 2265 iecisset,
914 2192 1002 2266 ipsos
1017 2195 1070 2253 de-

93 2274 272 2348 speratione
284 2274 394 2335 veniae
407 2275 448 2334 ad
460 2275 593 2336 tuendos
605 2289 677 2336 aesc
688 2274 789 2336 acrius
801 2273 951 2336 accendit.
966 2275 1070 2351 itaque

92 2371 149 2434 per
161 2357 292 2419 uiduam
306 2357 480 2434 ingentibus
494 2357 647 2433 utrimque
660 2355 769 2419 animis
784 2364 815 2418 et
829 2365 1008 2436 oppugnata
1022 2365 1071 2420 est

92 2449 123 2502 et
133 2441 270 2502 defensa.
286 2440 661 2504 nutatura-Muccdcnum
672 2442 713 2503 ao
723 2441 916 2508 sumundum
927 2441 958 2502 in
969 2441 1075 2504 vicem

91 2524 243 2601 proelium
262 2523 346 2586 haud
367 2523 530 2587 difficulter
550 2525 751 2589 concalebat:
773 2525 962 2602 oppidanos,
988 2526 1070 2586 diem

90 2614 213 2670 noctem
234 2607 363 2668 eosdem
380 2615 501 2670 tuentes
521 2609 659 2684 moenia,
681 2625 741 2671 non
757 2611 886 2672 uulnera
904 2609 997 2670 mcda
1012 2609 1071 2670 secl

90 2693 182 2754 etiam
201 2688 323 2766 vigiliae
342 2699 374 2752 et
393 2691 555 2754 continens
573 2693 660 2752 labor
681 2691 871 2753 conficiebat
893 2698 1003 2768 quarte
1019 2691 1072 2752 oie

90 2791 162 2837 cum
188 2775 290 2835 scalae
314 2774 451 2852 untione
475 2775 517 2836 ad
538 2789 642 2838 muros
664 2775 854 2849 erigerentur
874 2782 907 2836 et
925 2783 1015 2850 porta
1035 2774 1068 2834 vi

89 2857 207 2920 maiore
226 2865 471 2934 oppugnaretur,
492 2859 637 2934 oppidani
651 2857 772 2933 uapulsi
786 2855 884 2918 muris
895 2856 936 2918 ad
950 2865 1073 2932 portem

89 2942 235 3003 tutandam
250 2949 436 3004 nnnanrunt
449 2942 703 3018 eruptionemque
716 2940 907 3018 repentinam
920 2939 950 3000 in
961 2940 1068 3002 hostes

90 3026 220 3095 faciente
251 3038 330 3101 quea
352 3033 421 3087 cunr
440 3025 504 3087 irae
526 3026 624 3102 magis
645 3025 837 3086 inconsultae
862 3035 954 3100 quam
975 3038 1068 3086 verae

89 3109 223 3170 fidenae
235 3105 345 3172 urium
360 3117 453 3185 essct,
468 3108 559 3185 pauci
574 3117 605 3170 et
615 3109 690 3170 lessi
702 3109 740 3169 ab
752 3107 879 3183 integris
888 3107 971 3186 pulsi
981 3115 1070 3191 terea!

89 3193 249 3268 dederunt,
264 3193 477 3270 morsumque
491 3207 547 3270 per
562 3198 712 3270 patentem
725 3200 844 3268 ponam
856 3190 963 3254 hostes
977 3205 1066 3257 acca·

91 3282 210 3352 perant.
234 3277 277 3336 lta
297 3285 387 3353 cepta
400 3276 474 3338 moa
489 3292 526 3338 aa
540 3277 660 3352 dncpta
673 3283 730 3338 est
749 3275 846 3338 libera
861 3289 987 3351 queque
999 3287 1066 3334 ear·

89 3371 182 3434 pora,
204 3371 285 3435 quae
303 3361 453 3422 saeuiens
472 3361 703 3436 superfuerunt,
727 3374 836 3420 venum
856 3358 937 3420 dam.
966 3356 1067 3424 diruta

89 3455 201 3518 magna
221 3459 259 3504 ex
279 3451 366 3520 parte
387 3453 417 3506 et
437 3443 564 3506 incenso
580 3443 695 3520 oppido
711 3443 867 3520 protectus
883 3440 924 3500 ad
936 3437 1065 3498 Phalan-
