2598 3956
291 143 507 254 tunsum.
533 193 615 258 cnr.
630 201 674 260 aa
685 202 730 258 aa
752 201 788 270 [a.
801 201 833 254 c.
845 199 907 276 171]
1025 200 1087 264 rso

104 344 221 406 auxilia
236 344 397 406 cretenses
412 345 570 416 nilsisscnt
582 375 638 420 -‚
654 345 801 408 Numidae
812 347 882 416 item
894 349 1013 425 equites
1026 355 1085 414 ele-

103 426 284 504 phantique.
313 428 343 489 in
365 444 433 490 eam
453 445 517 492 rem
539 429 630 509 legati
652 430 692 490 ad
712 429 908 496 Masinissam
930 434 1085 513 Carthagi·

105 513 292 596 mensesque
311 512 397 574 missi
415 512 448 576 t.
465 511 639 578 Postumius
655 514 786 576 Albinus
800 514 833 590 Q.
844 517 1003 579 Terentius
1016 521 1084 582 Cul-

102 598 153 655 lco
175 595 205 657 G.
227 595 372 658 Aburius.
402 595 433 655 in
455 596 665 661 cretensem
686 598 804 674 legatos
825 607 887 660 tres
902 599 946 661 ire
960 605 1084 680 placuit,

102 679 139 738 Α.
153 675 341 742 Postumium
351 679 497 746 Albinum
509 680 540 742 G.
552 679 719 744 Decimium
731 685 769 744 Α.
780 683 928 744 Licinium
942 685 1084 748 Nervam.
1183 714 1185 718 ·

187 761 320 826 XXXVI.
344 761 403 823 Per
424 763 504 833 idam
519 770 640 843 tempus
656 765 746 841 legati
760 765 799 827 ab
813 781 886 844 rege
900 766 1015 833 Perseo
1030 787 1082 842 ve-

104 853 224 908 nerunt.
253 862 308 908 eos
330 846 360 908 in
376 847 524 923 oppidum
539 847 693 912 intromitti
709 866 769 910 nou
785 850 914 926 placuit,
939 865 1007 914 cum
1023 852 1082 914 iam

100 929 215 996 bellum
235 931 300 1010 regi
321 947 428 996 eorum
449 938 480 992 ot
494 931 715 1006 Macedonibus
737 939 768 996 et
782 941 907 996 senatus
922 936 1082 998 decresset

101 1021 132 1074 et
146 1014 280 1092 populus
296 1013 447 1078 iussisset.
471 1017 501 1080 in
515 1015 624 1080 aedem
635 1015 781 1082 Bellonae
792 1017 823 1076 in
835 1027 976 1080 senatum
988 1021 1081 1083 intro·

101 1097 186 1158 ducti
206 1097 249 1159 ita
267 1098 362 1162 verba
386 1100 538 1174 lecerunt,
562 1098 663 1162 mirari
681 1099 795 1163 Persea
815 1117 933 1177 regem,
958 1105 1030 1180 quid
1050 1105 1081 1164 in

99 1179 312 1245 Macedoniam
339 1183 491 1247 exercitus
513 1186 709 1260 transportati
730 1194 850 1249 assenez
877 1187 904 1250 si
925 1187 1080 1266 impetrari

100 1281 119 1323 a
141 1272 250 1340 senatu
271 1273 393 1362 posset,
416 1273 449 1327 ut
469 1267 490 1331 ii
510 1275 706 1344 revocentur,
721 1283 825 1344 regem
841 1269 880 1330 de
894 1269 1026 1347 iniuriis,
1053 1273 1079 1336 si

102 1365 181 1424 quas
204 1349 297 1414 scens
319 1351 415 1418 iactas
436 1355 651 1426 quererentur,
676 1350 821 1418 arbitratu
842 1361 967 1414 senatus
989 1355 1077 1416 satis-

101 1435 252 1499 facturum
264 1449 345 1512 csse.
369 1433 423 1510 sp.
439 1433 587 1500 Carvilius
602 1435 640 1497 ad
656 1450 724 1498 eam
738 1436 838 1512 ipsam
852 1451 916 1496 rem
931 1453 971 1496 ex
987 1439 1077 1498 Grac·

100 1515 148 1578 cia
159 1519 309 1586 remissus
325 1515 363 1582 ab
377 1517 428 1583 Gn.
442 1515 557 1588 Sicinio
572 1517 602 1577 in
617 1523 725 1582 senatu
737 1527 810 1580 erat.
827 1518 853 1583 is
865 1519 1078 1584 Perrhaebiam

100 1608 305 1683 expugnatam
316 1601 417 1676 armis,
430 1599 607 1669 Thessaliae
620 1600 736 1679 aliquot
746 1603 839 1663 urbes
848 1611 963 1680 captas,
978 1613 1079 1679 cetera

101 1701 181 1760 quae
191 1694 244 1748 aut
254 1693 359 1762 ageret
369 1693 422 1747 aut
430 1693 553 1764 pararet
563 1701 628 1759 rex,
642 1702 709 1748 cum
722 1694 872 1764 argueret,
885 1689 1077 1766 respondere

99 1769 140 1842 ad
160 1785 197 1830 ea
217 1769 308 1846 legati
329 1767 416 1831 iussi.
444 1779 609 1847 postquam
625 1768 830 1846 haesitabant,
855 1779 1003 1846 negantes
1019 1773 1077 1832 sibi

100 1853 179 1914 ultra
192 1853 356 1931 quicquam
372 1854 547 1920 mandatum
559 1869 639 1928 esse,
655 1852 732 1918 iussi
743 1853 916 1924 renuntiare
927 1857 993 1932 regi
1004 1871 1076 1916 corr-

100 1937 197 1999 sulem
216 1936 249 1997 P.
269 1937 417 2001 Licinium
437 1937 524 2004 brevi
547 1953 615 2000 cum
632 1938 768 1999 exercitu
782 1938 914 2001 futurum
928 1939 959 2000 in
973 1937 1076 2002 Mace·
1176 1952 1179 1961 “
1266 1941 1269 1948 ’

101 2021 193 2082 donia
202 2037 290 2086 csse:
311 2023 441 2098 adeum,
457 2024 484 2084 si
496 2022 674 2084 satisfacere
685 2021 715 2082 in
728 2022 828 2084 animo
840 2030 932 2096 esset
946 2024 1077 2084 mitteret

100 2105 226 2183 legatos.
249 2107 376 2171 Romam
398 2107 482 2182 quod
497 2112 656 2182 praeterea
670 2106 814 2182 mitteret,
835 2123 896 2172 non
912 2123 999 2170 esse=
1023 2123 1075 2169 ne-

98 2187 208 2251 minem
233 2207 339 2252 eorum
361 2207 417 2266 per
437 2190 552 2254 Italiam
573 2190 618 2254 ire
638 2189 797 2254 liciturum.
825 2190 866 2254 ita
887 2189 1030 2254 dimissis
1043 2190 1075 2250 P.

99 2271 212 2345 Licinio
228 2272 546 2349 consumendarum,
562 2272 641 2337 intra
653 2272 848 2337 undecimum
863 2273 943 2336 diem
959 2273 1077 2334 iuberet

98 2374 156 2423 eos
168 2359 254 2423 ltalia
268 2360 430 2433 excedere,
451 2367 481 2420 et
496 2357 549 2437 sp.
565 2355 728 2420 Carvilium
742 2356 881 2431 mitteret,
897 2359 958 2436 qui,
975 2358 1075 2420 donec

99 2458 205 2504 navem
222 2443 484 2518 conscendissent,
501 2441 677 2508 custodiret.
699 2441 777 2510 hacc
790 2441 906 2502 Romae
918 2447 986 2506 acta
998 2459 1073 2504 non-

98 2527 169 2594 dum
186 2528 330 2602 proiectis
345 2527 376 2588 in
392 2527 581 2602 provinciam
596 2526 784 2596 consulibus.

180 2611 243 2678 lom
258 2611 310 2679 Cn.
327 2609 475 2686 Sicinius,
503 2611 556 2692 qui
575 2612 755 2690 priusqinm
776 2607 954 2688 magistratu
968 2609 1074 2686 abiret,

96 2693 293 2762 Brundisium
314 2695 354 2762 ad
369 2697 501 2761 classem
516 2702 546 2758 et
560 2695 599 2756 ad
614 2695 784 2758 exercitum
795 2695 985 2771 praemissus
1000 2701 1073 2765 crat,

97 2777 230 2840 traiectis
251 2779 281 2838 ia
301 2779 427 2857 Epirum
449 2777 585 2857 quinqua
605 2778 727 2841 milibus
744 2779 903 2854 peditum,
931 2779 1074 2838 trecentis

19 2886 21 2890 ¹
96 2861 265 2942 equitibus,
290 2865 330 2928 ad
344 2863 557 2946 Nymphaeum
571 2862 600 2924 in
617 2878 690 2940 agro
705 2862 891 2941 Apolloniati
906 2868 1007 2922 castra
1021 2860 1073 2920 ha-

88 2946 196 3016 hebat.
224 2947 295 3014 inde
316 2947 454 3011 tribunos
469 2963 539 3012 cum
553 2946 675 3010 duobus
688 2943 810 3013 milibus
824 2943 952 3011 militum
966 2944 1006 3006 ad
1022 2960 1072 3006 oc—

97 3031 238 3106 cupanda
256 3032 503 3100 Dassaretiorum
525 3037 556 3091 et
573 3029 746 3110 lllyriorum
767 3029 909 3102 castella,
932 3029 1008 3105 ipsis
1025 3045 1073 3089 ar·

97 3115 288 3179 cmmotihus
310 3115 480 3192 praesidia,
502 3122 535 3176 ut
555 3114 681 3180 tutiores
701 3131 721 3174 a
742 3113 936 3181 finitimorum
958 3112 1073 3189 impetu

96 3197 297 3264 Macedonum
319 3206 441 3275 essent,
460 3197 552 3262 misit
584 3196 731 3270 XXXVIL
753 3199 861 3274 paucis
876 3207 947 3274 post
962 3197 1071 3259 diebus

98 3279 129 3354 Q.
145 3282 457 3348 mercennurius
479 3289 511 3346 et
523 3282 556 3343 P.
578 3289 608 3348 ct
622 3281 688 3346 Ser.
706 3281 836 3344 Cornelii
856 3283 974 3361 Lentuli
993 3288 1023 3341 et
1035 3280 1070 3340 L.

99 3365 262 3442 Decimius,
285 3365 375 3442 legari
396 3366 426 3426 in
448 3365 604 3440 Graeciam
625 3363 726 3440 missi,
749 3365 915 3444 Corcyram
934 3364 1070 3440 peditum

98 3447 175 3514 mille
193 3467 301 3517 mum
321 3451 527 3514 advexerunt:
559 3451 601 3510 ibi
622 3449 700 3510 inter
722 3466 757 3510 se
778 3456 809 3512 et
823 3448 969 3525 ‘regiones
992 3461 1069 3522 quas
