2570 3952
218 275 249 319 w
607 251 794 305 rnuarnrro.

219 412 260 460 vio
277 427 293 458 a
310 408 481 475 grammaticis
500 407 642 456 tribuantur
660 420 710 454 non
729 408 817 470 putavi
829 419 886 456 esse
906 406 1057 465 omittenda;
1076 407 1104 458 id
1115 417 1195 459 autem

218 480 287 543 quod
305 495 318 527 e
333 477 413 527 Nonio
428 475 545 525 Marcello
562 481 608 534 est,
626 475 662 524 ita
680 481 718 524 est
735 479 888 538 corruptum,
907 484 934 524 ut
951 489 1016 537 quae
1028 476 1094 526 Livii
1110 492 1197 527 manus

219 548 294 598 fuerit
312 547 354 595 rix
365 546 447 611 possit
458 553 583 594 constare.
611 542 725 605 Denique
745 557 794 591 uon
809 543 976 593 omittendum
988 544 1119 594 ridebatur
1130 545 1196 612 frag·

219 628 330 666 mentum
344 613 560 680 septuagesimum
569 612 684 676 alterum,
695 611 741 660 sed
753 626 811 660 cunr
823 611 1078 662 dubitariscirem-
1086 615 1120 664 cf.
1131 617 1194 663 Anu.

219 686 337 750 biarbnrg
355 698 396 736 aa.
407 680 485 735 1848.
505 697 532 747 p.
542 677 659 744 880.-‚
678 695 737 729 nuru
747 681 813 729 Livii
832 688 907 743 esset,
927 681 1017 731 ultimo
1033 682 1090 732 loco
1106 699 1197 748 ponen-

219 755 280 804 dum
290 755 388 818 putavi.
416 754 444 801 ln
454 751 629 801 columnarum
644 749 730 798 ordine
739 748 913 814 Kreyssigium
925 758 1028 800 secutus
1042 766 1107 813 snm,
1125 768 1197 814 quem

219 827 274 873 iure
290 823 374 887 priore
391 821 447 870 loco
465 821 583 886 posuisse
600 832 656 868 earn
674 832 739 880 quac
756 833 772 866 a
789 819 871 868 verbis
890 818 914 867 P
925 818 955 880 Q.
974 819 1096 870 Leandros
1114 821 1198 886 incipit

219 893 295 942 etiarn
314 891 373 940 inde
389 889 488 940 videtur
500 887 585 953 colligi
602 901 687 951 posse.
706 887 775 949 quod
792 888 817 934 in
831 888 949 937 extremis
964 889 1020 936 eius
1034 889 1119 939 verbis
1133 891 1198 940 ordi-

220 977 279 1010 num
299 961 430 1009 dissensus
446 964 655 1007 commemoratus
669 963 721 1020 est,
743 955 814 1004 cuius
832 964 938 1006 eventus
956 956 1032 1022 paulo
1050 966 1108 1022 post
1123 974 1198 1024 expo-

221 1031 296 1078 nitur.
325 1030 383 1078 lure
400 1027 466 1076 idem
478 1025 645 1076 Marcellinus
664 1024 814 1088 emendavit,
830 1026 906 1076 etiam
919 1024 1046 1075 Husclrkio
1060 1027 1199 1091 probatum,

221 1106 245 1148 et
262 1099 321 1146 illas
335 1097 472 1161 pergentis,
491 1096 535 1145 nbi
546 1095 661 1143 Pertzius
680 1094 763 1142 minus
780 1100 848 1143 recte
866 1093 923 1142 inde
935 1098 1067 1158 perpetuis
1078 1105 1199 1150 suaserat.

221 1167 272 1216 Sed
289 1166 387 1230 dubito,
405 1179 466 1214 nuru
485 1165 511 1212 ia
524 1163 553 1226 Q.
570 1163 642 1212 litera
659 1161 736 1211 lateat
754 1162 891 1222 Canutius,
911 1178 990 1225 quare
1008 1163 1200 1214 Mommsenium

221 1243 322 1286 secutus
352 1249 422 1292 sum;
458 1247 612 1296 quamquam
636 1233 711 1280 etiarn
732 1232 758 1280 in
782 1233 909 1282 Puteanco
939 1231 1026 1281 codice
1053 1231 1124 1282 lraud
1147 1249 1200 1284 raro

221 1306 296 1370 signu
308 1305 470 1354 inveniuntur
479 1303 503 1351 ei
517 1301 586 1365 quod
601 1300 627 1351 h.
639 1301 656 1350 i.
673 1301 828 1365 conspicitur
842 1299 946 1360 similia,
965 1299 997 1349 ci.
1012 1301 1201 1352 Alschefskiunr

222 1374 271 1424 voi.
288 1375 331 1426 lli.
352 1387 377 1438 p.
390 1371 458 1421 XIV.
477 1378 501 1420 et
516 1375 581 1421 Anu.
602 1370 728 1433 biarburg.
746 1370 806 1418 anui
827 1365 887 1419 1847
906 1383 934 1434 p.
946 1368 1024 1421 1001.
1043 1371 1135 1420 deinde
1152 1386 1201 1421 uon

182 1451 183 1454 ’
221 1443 336 1492 dubitari
351 1457 397 1506 pro
415 1443 548 1504 „actore“,
570 1438 638 1501 quod
656 1440 680 1488 in
696 1437 790 1488 scheda
804 1440 926 1504 scriptum
942 1446 995 1498 ast,
1013 1439 1044 1488 de
1063 1439 1202 1506 Kreyssigii

222 1511 346 1561 sententia
366 1519 469 1558 auctore
489 1508 625 1572 praeferre.
656 1507 726 1557 Idem
746 1506 822 1570 paulo
840 1515 899 1573 post
916 1509 1036 1570 ‚josperto
1054 1509 1203 1558 continenda

220 1581 286 1642 fuid
314 1579 437 1642 scriptum
466 1576 547 1626 inisse
573 1583 673 1634 censet,
701 1575 744 1626 ubi
770 1577 884 1626 Pertrius
908 1578 1077 1639 componenda
1104 1578 1202 1634 suadet,

222 1647 291 1710 quod
309 1648 394 1696 nescio
412 1661 445 1695 an
463 1647 547 1710 aptius
565 1644 680 1695 videatur
698 1644 731 1694 ad
740 1659 827 1694 nouam
843 1645 1009 1710 provinciam.
1038 1645 1075 1695 Dc
1088 1647 1203 1696 ordinum

222 1716 349 1766 discordia
372 1715 537 1780 sagacissime
556 1712 673 1779 exposuit
690 1713 847 1775 Huschkias,
871 1715 917 1764 sed
933 1714 1002 1778 quod
1021 1714 1047 1764 iu
1065 1715 1144 1764 altera
1163 1730 1204 1763 co-

223 1787 310 1839 lumna
333 1783 494 1835 scribendum
518 1799 574 1834 esse
595 1789 668 1848 putat
691 1783 778 1846 „forte
800 1785 911 1834 conano
936 1783 1024 1848 amba“
1050 1785 1095 1834 vix
1113 1786 1205 1848 poterit

222 1855 333 1920 probari,
344 1867 401 1903 oum
411 1853 489 1902 huius
500 1853 636 1903 locutionis
646 1851 742 1902 nulium
755 1861 836 1901 exstet
846 1851 1001 1916 exemplum,
1012 1866 1094 1915 neque
1113 1853 1204 1901 ambo

189 1960 197 1974 .
222 1923 339 1974 videatur
356 1923 433 1972 adiici
450 1923 565 1987 potuisse
584 1922 617 1971 ad
635 1922 685 1972 duo
704 1921 833 1972 adverbia.
863 1921 1029 1987 Kreyssigius
1044 1921 1142 1970 Pertzio
1160 1921 1206 1970 ad-

222 1993 334 2041 sentiens
358 1991 680 2055 amirmahummet,
704 1989 751 2039 sed
775 1999 851 2056 atque
871 1991 994 2040 omissum
1014 1997 1073 2055 post
1090 2006 1116 2040 v.
1135 1989 1207 2039 mado

224 2061 324 2121 deiude,
343 2067 371 2109 ut
388 2062 426 2110 uel
443 2060 474 2108 ab
492 2059 519 2110 h.
538 2061 555 2108 1.
575 2059 687 2109 alienum
705 2068 872 2120 removeatur,
892 2059 1029 2124 legendnm
1046 2073 1103 2110 esse
1119 2067 1209 2108 censet

223 2143 371 2194 „capnomen
388 2129 491 2179 inditam
510 2137 537 2179 et
554 2129 749 2184 candidaturn“,·
775 2135 800 2177 et
817 2127 865 2177 hoc
883 2128 987 2190 quidem
1009 2143 1060 2178 non
1077 2128 1210 2192 improba-

225 2199 274 2250 bile
290 2199 406 2258 vidctur,
429 2198 476 2247 sed
493 2205 570 2262 atqua
586 2197 679 2248 addere
697 2197 782 2246 nescio
801 2210 833 2245 an
854 2197 977 2247 audacius
996 2196 1030 2246 sit
1047 2195 1208 2246 habendum.

222 2270 263 2316 An
278 2268 325 2318 fuit
342 2267 521 2332 „Quintumque
531 2265 840 2330 Mercatura-capanna
854 2267 912 2330 fuit,
929 2274 978 2316 tum
987 2272 1012 2316 et
1026 2265 1210 2316 candidatum‘

223 2346 272 2389 etc.
280 2337 367 2386 —sed
377 2335 518 2386 consultius
526 2335 626 2386 videtur
636 2349 691 2383 curn
699 2334 864 2384 Mommsenio
875 2336 914 2384 ael
923 2339 1034 2385 servare.
1050 2333 1212 2384 luredeiude

223 2405 384 2470 Kreyssigius
395 2405 571 2469 fugientesque
586 2403 736 2462 emendavit,
749 2419 806 2452 cum
818 2404 933 2452 Pertzius
948 2405 1134 2469 fugientemque
1145 2404 1212 2452 scri·

223 2473 325 2540 psisset.
361 2473 416 2522 Non
434 2474 518 2522 minus
540 2472 618 2522 dubia
641 2480 698 2521 sunt
722 2487 787 2535 quae
810 2473 836 2520 in
855 2473 1001 2523 membrana
1022 2471 1140 2537 leguntur
1165 2473 1212 2522 do-

224 2539 313 2606 (mu)rn
330 2557 353 2606 q.
368 2544 506 2604 propriore
524 2547 593 2599 erat,
616 2541 751 2603 inquibus
768 2541 893 2607 PertziuS,
912 2556 970 2590 eum
994 2555 1043 2604 qno
1062 2539 1214 2590 Huschkius

224 2611 292 2671 iacit,
310 2612 387 2660 latere
404 2618 476 2676 putat
496 2609 606 2670 „damnat
626 2613 668 2674 pai
680 2616 851 2672 propraetore
868 2607 944 2660 erat“
963 2609 1125 2676 Kreyssigius
1146 2611 1215 2670 „da-

223 2695 283 2730 murn
302 2695 366 2744 quac
382 2681 488 2742 propior
506 2682 591 2729 erat“.
610 2677 685 2728 Plane
702 2681 798 2728 incerta
816 2687 874 2728 snut
886 2679 975 2728 ultima
988 2680 1073 2731 verba.
1091 2678 1215 2728 Pertzius

223 2749 350 2799 literarum
376 2749 504 2815 apicibus,
533 2749 577 2811 qui
599 2749 647 2797 soii
670 2756 783 2807 exstant,
811 2750 856 2813 „in
880 2749 1092 2814 propugnaculum
1115 2763 1215 2810 perve-

223 2820 276 2868 nir‘
299 2818 435 2884 significari
451 2825 535 2882 putat,
560 2817 638 2880 idque
658 2818 775 2883 probavit
793 2817 953 2882 Kreyssigi03
980 2817 1125 2866 Huschkius
1154 2821 1216 2883 ,‚r'n-
1270 2847 1271 2872 r

220 2890 291 2952 penti
305 2902 389 2951 pugna
407 2890 492 2936 civium
507 2889 655 2948 pervertit·‘‚
676 2887 723 2936 sed
738 2886 823 2935 nescio
842 2901 873 2934 an
891 2885 940 2936 hoc
954 2901 1055 2949 quoqne
1073 2886 1216 2951 longiusa
1270 2881 1271 2892 ¹

222 2955 351 3003 literarum
377 2956 490 3020 vestigiis
509 2957 619 3005 recedat.
654 2955 786 3005 Libentius
804 2953 934 3004 Husclrkio
959 2953 1061 3005 credam
1078 2953 1217 3020 fragmen·

223 3033 275 3070 turn
293 3037 326 3071 err
343 3023 408 3073 libro
427 3025 593 3089 nonagesimo
611 3033 698 3086 qrrarto
716 3031 855 3088 sumptum,
875 3032 900 3074 et
917 3039 982 3086 quae
997 3024 1130 3074 traduntur
1146 3039 1173 3074 a.
1189 3041 1216 3073 u.
1270 3025 1271 3090 i

223 3090 446 3155 septingentesimo
471 3093 626 3157 octogesimo
649 3094 731 3157 primo
755 3100 812 3141 aeta
834 3107 899 3145 esse.
930 3092 967 3144 De
984 3093 1089 3156 reliquis
1107 3100 1217 3144 tantum
1270 3095 1271 3148 i

223 3159 249 3209 id
268 3159 369 3224 addam,
388 3161 414 3209 in
432 3160 573 3226 fragmento
591 3175 667 3227 nouo,
687 3162 755 3224 quod
771 3177 787 3211 a
804 3160 919 3212 Charisia
936 3172 1064 3212 servatura
1083 3169 1131 3222 cst,
1153 3164 1218 3228 ipsa

222 3229 289 3278 Livii
307 3230 397 3288 verba,
417 3237 521 3294 propter
538 3243 601 3292 quae
620 3228 689 3279 locus
709 3239 746 3280 est
759 3230 918 3295 adscriptus,
938 3231 1098 3281 intercidisse
1115 3231 1219 3290 videri,

223 3299 255 3346 ob
274 3313 379 3360 eamque
396 3313 498 3347 causam
516 3298 655 3358 „turbemer
671 3298 851 3364 singulariter‘
870 3299 942 3349 uncis
959 3299 1056 3349 inclusa
1068 3299 1153 3350 fuisse
1168 3301 1220 3350 ad-

223 3365 314 3415 denda.
343 3367 370 3414 in
389 3367 420 3416 iis
438 3383 503 3430 quae
522 3383 553 3417 ex
577 3367 640 3417 libro
660 3369 824 3434 nonagesimo
849 3369 930 3432 primo
949 3377 1050 3418 servata
1068 3377 1126 3417 sunt
1148 3383 1220 3419 non-

222 3433 282 3482 dum
304 3443 371 3484 recte
393 3436 510 3500 suppleta
533 3437 633 3486 ridetur
648 3437 737 3485 lacuna
755 3439 780 3486 in
799 3438 882 3486 verbis
899 3439 967 3486 rrirris
986 3446 1012 3486 et
1030 3445 1220 3490 ta....a...uar
1270 3455 1271 3500 t

222 3503 288 3566 igni,
330 3520 388 3555 narn
428 3520 509 3568 neque
530 3520 560 3555 ea
580 3521 645 3567 quae
664 3505 726 3554 aiios
750 3514 851 3554 secutus
873 3507 957 3570 recepi
984 3514 1029 3568 „et
1047 3513 1095 3554 turn
1113 3507 1223 3571 confla-
1270 3555 1271 3572 i
