2570 3952
292 201 408 264 LIBER
420 203 510 264 XLV.
534 203 673 264 cheae.
689 210 732 264 33.
756 209 838 277 [ac.
854 209 915 276 167]
1028 203 1092 266 ⁴285
1172 273 1173 278 ἵ

107 353 174 416 aliis
186 351 320 430 superbe
332 353 484 428 imperare
495 353 630 422 adsueti;
651 354 838 429 praedivites
853 355 914 430 alii,
935 353 994 430 alii,
1011 371 1093 431 quos

107 441 230 502 ionuna
244 451 306 498 non
322 444 497 512 aequarent,
518 435 567 497 his
582 439 757 513 sumptibus
773 453 881 515 pares;
904 437 1010 514 regius
1026 455 1090 500 om·

106 522 198 584 nibus
211 523 310 583 victus
322 520 525 596 vestitusque,
538 520 611 582 nulli
622 520 721 582 civilis
731 525 861 600 animus,
873 538 976 601 neque
988 525 1091 599 legum

106 624 208 684 neque
218 603 367 667 libertatis
379 620 479 681 aeque
494 605 622 680 patiens.
635 622 742 667 omnes
754 609 854 683 igitur,
871 607 966 683 quiin
978 605 1090 684 aliquis

105 690 282 754 mihisteriis
295 689 400 766 regiis
422 688 512 749 etiam
526 687 579 764 qui
593 691 624 749 in
639 691 842 765 legationibus
859 692 993 767 lucrant,
1014 692 1091 754 iussi

105 773 290 837 Macedonia
305 773 456 835 excedere
471 778 564 850 atque
578 774 608 834 in
621 772 738 835 ltaliam
753 775 811 835 iret
835 775 887 853 qni
898 791 960 838 non
972 777 1089 850 paruis·

108 867 157 922 set
176 859 321 935 imperio,
346 873 430 917 mors
457 857 645 919 denuntiata.
674 859 759 933 leges
779 859 981 920 Macedoniae
1006 860 1094 920 dedit

107 961 178 1006 cum
198 949 281 1003 tanta
302 957 391 1016 cura,
416 950 449 1003 ut
469 959 532 1004 non
553 942 694 1003 hostibus
716 940 805 1004 victIs
828 944 885 1005 sed
899 942 994 1005 sociis
1010 943 1090 1004 bene

106 1028 222 1089 meritis
244 1027 317 1088 dare
341 1026 510 1102 videretur,
537 1033 567 1086 et
592 1026 670 1104 qu'as
691 1043 731 1088 ne
752 1044 829 1090 usus
851 1028 975 1106 quidem
996 1028 1092 1103 longo

106 1120 259 1190 tempore,
283 1110 336 1186 qui
356 1126 437 1172 unus
459 1117 507 1172 est
522 1112 623 1186 legum
645 1118 815 1187 corrector,
837 1111 1026 1187 experiendo
1042 1128 1090 1172 ar-

94 1203 223 1273 ,guenet

192 1279 241 1339 Ab
256 1281 345 1340 serIIs
360 1281 453 1340 rebus
469 1277 632 1354 ludicrum,
654 1282 739 1356 quod
755 1296 794 1340 ex
808 1281 902 1341 multo
917 1286 987 1340 ante
1002 1294 1091 1355 prae-

106 1371 226 1443 parato,
244 1365 313 1426 etin
324 1363 420 1423 Asiae
436 1360 573 1423 civitates
588 1371 619 1425 et
633 1364 673 1422 ad
687 1379 776 1438 reges
792 1362 896 1423 missis
909 1363 961 1440 qui
973 1363 1089 1422 denun-

105 1451 225 1523 tiarent,
238 1455 269 1508 et
280 1463 349 1508 cum
361 1445 531 1507 circumiret
540 1446 609 1523 ipse
622 1447 768 1507 Graeciae
780 1446 927 1522 civitates,
939 1445 1094 1506 indixerat

109 1532 309 1610 principibus,
325 1546 437 1606 magno
453 1539 604 1608 apparatu
618 1530 797 1606 Amphipoli
812 1529 892 1591 lecit.
912 1546 982 1590 nam
997 1538 1027 1590 et
1042 1545 1090 1589 ar·

106 1618 222 1679 tificum
243 1615 343 1679 omnis
364 1615 502 1691 genens,
526 1617 577 1691 qui
592 1615 741 1677 ludicram
756 1623 852 1677 artem
867 1615 1033 1687 iaciebant,
1050 1629 1091 1674 ex

106 1709 172 1765 toto
194 1703 268 1763 orbe
284 1710 431 1763 terrarum
447 1699 622 1775 multitudo,
649 1708 680 1761 et
695 1701 874 1761 athletarum
894 1705 924 1759 et
944 1697 1090 1758 nobilium

108 1803 258 1862 equorum
273 1783 426 1859 convenil,
442 1792 473 1846 et
483 1785 651 1860 legationes
661 1799 731 1844 cum
742 1782 881 1857 victimis,
897 1790 928 1843 et
939 1781 1088 1858 quidquid

109 1871 191 1930 allud
218 1871 346 1930 deorum
365 1869 585 1943 hominumque
613 1885 708 1930 causa
730 1868 796 1928 fieri
816 1866 935 1942 magnis
956 1865 1037 1926 ludis
1058 1865 1089 1924 in

109 1953 237 2014 Graecia
252 1954 344 2026 solet,
366 1950 407 2014 ita
422 1954 534 2014 iactum
550 1960 611 2026 est,
627 1961 737 2014 utnon
753 1952 1007 2028 magnificandam
1022 1956 1087 2010 tan-

108 2045 171 2099 tum
185 2037 243 2098 sed
259 2035 449 2113 prudentiam
464 2037 494 2096 in
510 2037 619 2098 dandis
635 2039 830 2111 spectaculis,
847 2037 887 2096 ad
903 2051 983 2112 quoe
993 2034 1088 2094 rudes

108 2131 171 2183 tum
185 2120 316 2182 Romani
330 2127 423 2195 erant,
445 2120 674 2196 admirarentur.
697 2121 806 2197 epulae
824 2135 948 2195 qnoque
962 2117 1088 2192 legatio-

107 2207 198 2267 nibus
214 2211 345 2281 paratae
365 2212 396 2264 et
415 2203 570 2280 opulentia
584 2212 614 2268 et
629 2218 704 2264 cura
717 2203 835 2263 eadem.
864 2204 957 2276 vulgo
975 2202 1090 2263 dIctum

107 2289 206 2366 ipsius
227 2289 378 2362 terebant,
405 2296 435 2349 et
455 2288 630 2351 convivium
650 2288 802 2348 instruere
822 2294 852 2348 et
866 2286 956 2347 ludos
980 2301 1091 2360 parare

108 2374 248 2435 eiusdem
269 2388 341 2434 esse
362 2372 414 2448 qui
434 2370 558 2432 vincere
572 2372 653 2432 bello
669 2370 770 2434 sciret.
792 2370 924 2432 XXXIII.
947 2369 1029 2430 edito
1044 2371 1087 2430 lu-

108 2457 193 2520 dIcro
209 2459 308 2520 omnis
323 2457 456 2533 generis,
479 2457 650 2533 clipeisque
663 2455 763 2517 aereis
778 2455 808 2516 ln
823 2471 920 2516 naves
936 2453 1091 2530 impositis

1 2579 2 2621 3
108 2549 209 2603 cetera
230 2539 329 2604 omnis
344 2540 467 2617 generis
481 2555 565 2601 arma
581 2543 747 2615 cumulata,
767 2540 920 2616 ingentem
935 2554 1088 2613 acervum,

1 2634 2 2694 ἐ
108 2634 252 2702 precatus
273 2625 400 2686 Martem
419 2625 588 2688 Minervam
608 2627 765 2701 Luamque
779 2633 907 2686 matrem
923 2631 953 2683 et
968 2630 1089 2684 ceteros

108 2712 201 2785 deoS,
224 2709 335 2786 quibus
358 2709 461 2784 spolio
479 2709 613 2772 hostium
629 2711 732 2771 dicare
746 2709 795 2769 ius
811 2710 921 2783 fasque
936 2713 998 2780 est,
1020 2706 1090 2781 ipse

107 2795 273 2870 imperator
294 2796 360 2854 iace
380 2793 504 2855 subdita
524 2794 698 2867 succendit,
724 2792 835 2853 deinde
856 2792 1090 2851 circumstantes

1 2887 2 2890 ’
108 2878 220 2941 tribuni
235 2879 361 2942 militum
376 2894 433 2954 pro
455 2892 490 2938 se
506 2877 637 2954 quisque
652 2875 740 2954 ignes
756 2875 962 2937 coniecerunt.
985 2879 1090 2935 notata

1 3022 7 3057 ,ι
108 2971 156 3022 est
175 2962 206 3023 in
227 2963 279 3025 illo
302 2970 456 3028 conventu
469 2961 614 3037 Europae
628 2960 802 3035 Asiaeque,
827 2960 964 3037 undique
980 2957 1089 3035 partim

108 3046 149 3106 ad
164 3048 393 3121 gratulationem
412 3047 522 3124 partim
537 3048 576 3107 ad
591 3047 801 3122 spectaculum
821 3051 977 3106 contracta
991 3043 1089 3104 multi·

108 3131 230 3204 tudine,
256 3132 347 3192 tantis
368 3132 527 3192 navalibus
554 3129 814 3206 terrestribusque
840 3125 1024 3190 exercitibus
1053 3141 1090 3186 ea

109 3214 200 3290 copia
213 3229 330 3287 rerum,
345 3230 383 3275 ea
397 3215 497 3276 vilitas
513 3231 668 3291 annonae,
683 3223 716 3276 ut
730 3222 760 3275 et
775 3213 902 3291 privatis
917 3220 948 3273 et
962 3209 1089 3272 civitati·

108 3301 167 3360 bus
189 3307 219 3361 et
238 3296 380 3374 gentibus
401 3299 483 3360 dona
499 3300 570 3359 data
584 3301 733 3375 pleraque
755 3298 821 3359 eius
836 3296 959 3374 generis
975 3292 1036 3355 sInt
1050 3291 1090 3352 ab

4 3425 5 3434 ,
109 3386 308 3460 imperatore,
335 3399 397 3444 non
417 3383 448 3442 in
468 3399 555 3445 nsum
578 3383 671 3444 modo
692 3389 902 3460 praesentem,
927 3375 1090 3440 sedetiam

110 3469 194 3544 quod
215 3469 324 3530 domos
346 3467 521 3529 eveherent.
548 3469 725 3544 spectaculo
746 3466 849 3528 fuitei
872 3479 950 3541 quae
964 3464 1091 3522 venerat
