2570 3952
194 219 256 284 aae
360 216 575 279 nmunmv.
599 215 1001 294 carcassensem]

191 374 304 433 intacta
319 365 435 430 invidia
455 368 556 428 media
576 375 662 428 sunta
692 367 731 428 ad
746 383 865 428 summa
881 369 975 427 ferme
989 367 1095 427 tendit.
1117 381 1176 428 nee

192 458 231 516 de
242 452 343 515 Anicii
355 467 413 514 neo
428 452 467 512 de
480 449 596 512 Octavii
607 451 760 527 triumpho
772 451 941 512 dubitatum
953 457 1017 512 estc
1038 449 1176 523 Paulum,

193 540 243 600 cui
264 538 325 614 ipsi
346 550 472 614 quoque
492 551 528 596 se
550 551 730 611 comparare
756 535 967 610 erubuissent,
994 533 1177 596 obtrectatio

193 622 317 700 carpsit.
346 620 472 696 antiqua
491 620 655 697 disciplina
675 619 784 680 milites
805 619 970 690 habueram
999 620 1038 679 de
1059 617 1179 694 praeda

192 705 318 784 parcius
335 721 426 782 quam
438 713 640 782 speraverant
652 702 792 765 extentis
804 705 896 779 regiis
910 704 1033 780 opibus,
1049 703 1179 764 dederat

193 790 266 852 nihil
282 789 441 864 relicturis,
457 788 485 850 si
499 787 637 853 aviditati
652 787 868 864 indulgeretur,
885 787 969 864 quod
982 785 1012 848 in
1024 787 1178 848 aerarium

194 877 336 936 deferret.
371 880 453 935 totus
478 873 699 934 Macedonicus
725 872 878 933 exercitus
911 869 1088 949 imperatori
1111 879 1180 932 erat

193 960 391 1034 neglegenter
418 957 579 1018 adfuturus
603 956 733 1018 comitiis
756 956 903 1026 ferendae
922 955 1010 1032 legis.
1041 955 1179 1016 sedeas

195 1043 262 1104 Ser¹
279 1041 433 1117 Sulpicius
449 1041 561 1116 Galba,
586 1041 638 1117 qui
659 1039 798 1102 tribunus
813 1037 940 1102 militum
961 1039 1119 1102 secundae
1133 1040 1179 1100 le·

193 1126 294 1202 gionls
309 1126 339 1185 in
353 1124 536 1186 Macedonia
553 1125 659 1200 fuerat,
682 1125 822 1201 privatim
836 1124 1012 1201 imperatori
1026 1123 1179 1198 inimicus,

194 1208 372 1287 prensando
392 1209 460 1285 ipse
482 1216 512 1269 et
533 1225 589 1284 per
610 1223 685 1270 suae
706 1208 837 1284 legionis
856 1207 966 1270 milites
982 1207 1180 1270 sollicitando

195 1294 415 1366 stimulaverat,
437 1299 470 1353 ut
492 1293 668 1371 frequentes
689 1293 729 1353 ad
751 1293 930 1368 suffragium
945 1293 1101 1353 adessent.
1123 1291 1179 1352 im·

197 1379 353 1454 periosum
377 1378 487 1439 ducem
513 1383 543 1438 et
572 1377 738 1454 malignum
763 1376 949 1452 antiquando
975 1375 1180 1454 rogationem,

196 1477 274 1538 quae
297 1463 337 1522 de
358 1460 510 1536 triumpho
532 1462 599 1523 eius
626 1463 770 1535 ferretur,
796 1459 1027 1523 ulciscerentur.
1054 1459 1181 1536 plebem

194 1547 342 1607 urbanam
356 1551 529 1606 secuturam
544 1561 617 1606 esse
630 1543 757 1607 militum
772 1544 893 1607 iudicia.
916 1542 1079 1621 pecuniam
1094 1543 1180 1604 illum

195 1631 270 1691 dare
285 1645 346 1690 non
362 1628 518 1704 potuisset
541 1627 664 1690 militem
679 1629 829 1690 honorem
840 1629 914 1689 dare
927 1643 1032 1706 posse.
1055 1643 1094 1687 ne
1106 1643 1178 1703 spe-

195 1720 275 1775 raret
295 1712 337 1774 ibi
353 1714 482 1774 fructum
498 1712 622 1788 gratiae,
644 1713 696 1774 ubi
710 1719 773 1775 non
788 1712 960 1773 meruisset.
981 1711 1117 1773 XXXVl.
1141 1710 1181 1772 iis

195 1797 335 1878 incitatis,
351 1813 420 1857 curn
435 1798 464 1857 in
478 1795 626 1873 Capitolio
638 1797 829 1872 rogationem
840 1813 908 1858 eam
918 1797 962 1857 Ti.
974 1795 1180 1872 Sempronius
1271 1857 1272 1866 ,

194 1883 334 1942 tribunus
357 1882 454 1957 plebis
476 1883 582 1954 ferret,
605 1888 635 1941 et
657 1881 781 1956 privatis
803 1880 842 1940 de
862 1881 930 1956 lege
950 1879 1075 1944 dicendi
1090 1880 1180 1942 locus

116 1987 118 1994 ’
196 1974 294 2040 esset,
317 1965 357 2026 ad
379 1965 570 2025 suadendum
591 1966 674 2025 utin
694 1981 728 2024 re
750 1964 872 2025 minime
888 1964 980 2026 dubia
994 1963 1075 2026 haud
1095 1963 1181 2040 quis-

198 2065 286 2126 quam
306 2049 505 2125 procederet,
529 2047 594 2109 Ser.
617 2048 713 2109 Galba
732 2056 860 2125 repente
882 2049 1035 2124 processit
1049 2056 1080 2109 et
1094 2065 1113 2108 a
1127 2049 1181 2109 tri-

197 2129 286 2193 bunis
302 2133 477 2208 postulavit,
494 2140 534 2208 ut,
558 2131 703 2208 quoniam
718 2132 796 2195 hora
809 2134 869 2193 iam
885 2140 994 2194 octava
1010 2133 1069 2192 diei
1085 2139 1180 2208 esset,
1270 2159 1271 2216 3

197 2233 253 2278 neo
274 2218 349 2279 satis
371 2217 517 2292 temporis
539 2217 579 2277 ad
607 2217 879 2278 demonstrandum
901 2216 1043 2290 haberet,
1070 2232 1124 2277 cur
1145 2217 1181 2277 L.
1270 2217 1271 2249 ³

199 2303 357 2363 Aemilium
383 2318 446 2363 non
473 2302 614 2362 iuberent
634 2300 836 2376 triumphare,
866 2299 896 2360 in
920 2308 1075 2376 posterum
1097 2300 1181 2361 diem

198 2385 353 2446 differrent
371 2391 401 2446 et
420 2401 509 2445 mane
531 2398 598 2444 eam
617 2399 683 2444 rem
705 2392 844 2460 agerent:
866 2385 985 2460 integro
1001 2384 1060 2446 sibi
1073 2384 1125 2445 die
1138 2385 1180 2459 ad
1269 2431 1270 2472 4

199 2485 324 2529 causam
340 2484 407 2528 eam
423 2468 664 2543 orandamopus
680 2484 761 2528 esse.
784 2484 853 2529 cum
866 2469 1005 2532 tribunus
1021 2469 1125 2530 dicere
1142 2483 1181 2531 eo
1269 2487 1270 2538 l

199 2552 257 2624 die,
274 2552 301 2612 si
317 2551 392 2626 quid
407 2553 506 2626 vellet,
521 2550 648 2622 iuberet,
671 2552 700 2610 in
716 2558 838 2612 noctem
852 2567 917 2612 rem
931 2552 1062 2614 dicendo
1078 2559 1181 2612 extre·

196 2635 253 2709 xit,
274 2635 436 2696 referendo
452 2635 711 2710 admonendoque
731 2643 840 2696 exacta
854 2638 965 2698 acerbe
985 2637 1089 2698 munia
1102 2635 1180 2698 mili·

198 2719 270 2790 tiae;
300 2720 371 2795 plus
393 2719 523 2793 laboris,
547 2719 617 2795 plus
637 2719 765 2796 periculi
787 2737 879 2796 quam
901 2720 1113 2782 desiderasset
1126 2736 1180 2783 res
1268 2751 1269 2758 ,

198 2803 381 2886 iniunctmn;
405 2810 511 2865 contra
524 2803 554 2862 in
570 2802 729 2880 praemiis,
750 2805 780 2864 in
795 2803 966 2866 honoribus
983 2805 1085 2867 omnia
1099 2811 1180 2866 arta-

198 2895 243 2958 ta;
265 2885 471 2963 militiamque,
489 2887 515 2948 si
530 2887 641 2947 talibus
656 2888 805 2950 succedat
821 2889 959 2964 ducibus,
975 2887 1179 2951 horridiorem

197 2972 448 3046 asperioremque
472 2969 671 3050 bellantibus,
696 2973 826 3033 eandem
856 2972 1024 3035 victoribus
1054 2972 1179 3050 inopem

86 3049 89 3056 '
197 3062 288 3129 atque
300 3053 511 3116 inhonoratam
524 3055 663 3116 ulturum.
675 3053 863 3118 Macedonas
876 3055 906 3117 in
918 3058 1044 3120 meliore
1058 3058 1181 3120 fortuna

198 3153 289 3213 quam
304 3137 413 3200 milites
424 3139 581 3200 Romanos
595 3154 676 3200 esse.
699 3141 726 3201 si
742 3141 918 3217 frequentes
931 3151 1057 3218 postero
1073 3142 1123 3202 die
1137 3141 1180 3202 ad

195 3223 295 3298 legem
310 3223 528 3300 antiquandam
544 3223 699 3301 adessent,
715 3224 923 3288 intellecturos
936 3233 1078 3302 potentes
1091 3226 1178 3287 viros

196 3323 258 3368 non
280 3307 381 3370 omnia
395 3306 426 3368 in
441 3307 539 3383 ducis,
560 3307 676 3384 aliquid
690 3317 721 3371 et
734 3309 763 3370 in
776 3310 902 3373 militum
916 3323 1009 3374 manu
1024 3326 1105 3373 esse.
1127 3308 1177 3370 his

197 3392 326 3455 vocibus
348 3391 460 3454 incitati
474 3400 600 3470 postero
617 3393 666 3454 die
681 3393 788 3454 milites
802 3401 885 3455 tanta
900 3395 1072 3472 frequentia
1088 3391 1177 3470 capi·

197 3476 302 3538 toltum
319 3480 561 3553 compleverunt,
584 3485 617 3539 ut
634 3477 733 3539 aditus
747 3478 819 3538 nulli
836 3486 994 3554 praeterea
1009 3478 1050 3541 ad
1064 3473 1176 3540 suflra-
