<?xml version="1.0" encoding="UTF-8"?>
<!DOCTYPE html PUBLIC "-//W3C//DTD XHTML 1.0 Transitional//EN"
    "http://www.w3.org/TR/xhtml1/DTD/xhtml1-transitional.dtd">
<html xmlns="http://www.w3.org/1999/xhtml" xml:lang="en" lang="en">
 <head>
  <title>
</title>
<meta http-equiv="Content-Type" content="text/html;charset=utf-8" />
  <meta name='ocr-system' content='tesseract 3.04.00' />
  <meta name='ocr-capabilities' content='ocr_page ocr_carea ocr_par ocr_line ocrx_word'/>
</head>
<body>
  <div class='ocr_page' id='page_1' title='image "./aburbeconditali09livygoog_0119.png"; bbox 0 0 2598 3956; ppageno 0'>
   <div class='ocr_carea' id='block_1_1' title="bbox 281 199 1079 276">
    <p class='ocr_par' dir='ltr' id='par_1_1' title="bbox 281 199 1079 276">
     <span class='ocr_line' id='line_1_1' title="bbox 281 199 1079 276; baseline 0.014 -18"><span class='ocrx_word' id='word_1_1' title='bbox 281 200 395 261; x_wconf 80' lang='lat' dir='ltr'>LIBER</span> <span class='ocrx_word' id='word_1_2' title='bbox 409 199 469 260; x_wconf 83' lang='lat' dir='ltr'>XL.</span> <span class='ocrx_word' id='word_1_3' title='bbox 491 201 741 263; x_wconf 64' lang='lat' dir='ltr'>caelorum.</span> <span class='ocrx_word' id='word_1_4' title='bbox 765 208 802 276; x_wconf 76' lang='lat' dir='ltr'>[a.</span> <span class='ocrx_word' id='word_1_5' title='bbox 814 208 846 261; x_wconf 89' lang='lat' dir='ltr'>c.</span> <span class='ocrx_word' id='word_1_6' title='bbox 859 209 920 276; x_wconf 83' lang='lat' dir='ltr'>1qu</span> <span class='ocrx_word' id='word_1_7' title='bbox 1035 205 1079 269; x_wconf 80' lang='grc'>89</span> 
     </span>
    </p>
   </div>
   <div class='ocr_carea' id='block_1_2' title="bbox 96 355 1082 3528">
    <p class='ocr_par' dir='ltr' id='par_1_2' title="bbox 98 355 1082 766">
     <span class='ocr_line' id='line_1_2' title="bbox 100 355 1082 433; baseline 0.003 -18"><span class='ocrx_word' id='word_1_8' title='bbox 100 355 264 432; x_wconf 77' lang='lat' dir='ltr'>processit,</span> <span class='ocrx_word' id='word_1_9' title='bbox 280 356 511 429; x_wconf 68' lang='lat' dir='ltr'>gratulatusque</span> <span class='ocrx_word' id='word_1_10' title='bbox 525 361 585 426; x_wconf 90' lang='lat' dir='ltr'>est,</span> <span class='ocrx_word' id='word_1_11' title='bbox 611 355 774 428; x_wconf 87' lang='lat' dir='ltr'>quadram</span> <span class='ocrx_word' id='word_1_12' title='bbox 789 356 942 431; x_wconf 78' lang='lat' dir='ltr'>publicam</span> <span class='ocrx_word' id='word_1_13' title='bbox 957 358 1082 433; x_wconf 79' lang='lat' dir='ltr'>egregie</span> 
     </span>
     <span class='ocr_line' id='line_1_3' title="bbox 100 437 1080 516; baseline 0.003 -16"><span class='ocrx_word' id='word_1_14' title='bbox 100 437 261 516; x_wconf 82' lang='lat' dir='ltr'>gessisset.</span> <span class='ocrx_word' id='word_1_15' title='bbox 284 453 353 498; x_wconf 90' lang='lat' dir='ltr'>curn</span> <span class='ocrx_word' id='word_1_16' title='bbox 367 452 486 499; x_wconf 90' lang='lat' dir='ltr'>summa</span> <span class='ocrx_word' id='word_1_17' title='bbox 500 437 675 513; x_wconf 88' lang='lat' dir='ltr'>concordia,</span> <span class='ocrx_word' id='word_1_18' title='bbox 696 453 776 514; x_wconf 90' lang='lat' dir='ltr'>quos</span> <span class='ocrx_word' id='word_1_19' title='bbox 791 438 973 500; x_wconf 82' lang='lat' dir='ltr'>dimitterent</span> <span class='ocrx_word' id='word_1_20' title='bbox 987 457 1080 516; x_wconf 89' lang='lat' dir='ltr'>quos-</span> 
     </span>
     <span class='ocr_line' id='line_1_4' title="bbox 100 520 1081 600; baseline 0.002 -16"><span class='ocrx_word' id='word_1_21' title='bbox 100 539 161 600; x_wconf 90' lang='lat' dir='ltr'>que</span> <span class='ocrx_word' id='word_1_22' title='bbox 182 523 346 583; x_wconf 83' lang='lat' dir='ltr'>retinerent</span> <span class='ocrx_word' id='word_1_23' title='bbox 365 520 490 594; x_wconf 88' lang='lat' dir='ltr'>milites,</span> <span class='ocrx_word' id='word_1_24' title='bbox 516 529 765 598; x_wconf 87' lang='lat' dir='ltr'>composuerunt.</span> <span class='ocrx_word' id='word_1_25' title='bbox 795 523 867 582; x_wconf 91' lang='lat' dir='ltr'>inde</span> <span class='ocrx_word' id='word_1_26' title='bbox 881 522 1006 584; x_wconf 75' lang='lat' dir='ltr'>It&#39;aalvius</span> <span class='ocrx_word' id='word_1_27' title='bbox 1028 541 1081 586; x_wconf 87' lang='lat' dir='ltr'>ex·</span> 
     </span>
     <span class='ocr_line' id='line_1_5' title="bbox 98 603 1080 683; baseline 0.001 -15"><span class='ocrx_word' id='word_1_28' title='bbox 98 604 266 668; x_wconf 87' lang='lat' dir='ltr'>auctoratis</span> <span class='ocrx_word' id='word_1_29' title='bbox 286 603 430 666; x_wconf 89' lang='lat' dir='ltr'>militibus</span> <span class='ocrx_word' id='word_1_30' title='bbox 451 605 480 664; x_wconf 94' lang='lat' dir='ltr'>in</span> <span class='ocrx_word' id='word_1_31' title='bbox 497 621 592 666; x_wconf 87' lang='lat' dir='ltr'>naves</span> <span class='ocrx_word' id='word_1_32' title='bbox 608 603 759 680; x_wconf 85' lang='lat' dir='ltr'>impositis</span> <span class='ocrx_word' id='word_1_33' title='bbox 773 605 903 667; x_wconf 82' lang='lat' dir='ltr'>Romam</span> <span class='ocrx_word' id='word_1_34' title='bbox 917 615 964 669; x_wconf 89' lang='lat' dir='ltr'>est</span> <span class='ocrx_word' id='word_1_35' title='bbox 979 610 1080 683; x_wconf 69' lang='lat' dir='ltr'>prole</span> 
     </span>
     <span class='ocr_line' id='line_1_6' title="bbox 99 687 909 766; baseline -0.006 -14"><span class='ocrx_word' id='word_1_36' title='bbox 99 699 176 766; x_wconf 92' lang='lat' dir='ltr'>ctus,</span> <span class='ocrx_word' id='word_1_37' title='bbox 193 687 394 764; x_wconf 88' lang='lat' dir='ltr'>Sempronius</span> <span class='ocrx_word' id='word_1_38' title='bbox 408 688 439 748; x_wconf 93' lang='lat' dir='ltr'>in</span> <span class='ocrx_word' id='word_1_39' title='bbox 455 687 645 749; x_wconf 86' lang='lat' dir='ltr'>Celtiberiam</span> <span class='ocrx_word' id='word_1_40' title='bbox 659 689 798 764; x_wconf 78' lang='lat' dir='ltr'>legiones</span> <span class='ocrx_word' id='word_1_41' title='bbox 814 690 909 750; x_wconf 89' lang='lat' dir='ltr'>duxit.</span> 
     </span>
    </p>

    <p class='ocr_par' dir='ltr' id='par_1_3' title="bbox 96 771 1082 3344">
     <span class='ocr_line' id='line_1_7' title="bbox 183 771 1082 848; baseline 0.002 -14"><span class='ocrx_word' id='word_1_42' title='bbox 183 773 258 834; x_wconf 91' lang='lat' dir='ltr'>XLI.</span> <span class='ocrx_word' id='word_1_43' title='bbox 280 772 430 834; x_wconf 79' lang='lat' dir='ltr'>consules</span> <span class='ocrx_word' id='word_1_44' title='bbox 445 772 535 833; x_wconf 91' lang='lat' dir='ltr'>ambo</span> <span class='ocrx_word' id='word_1_45' title='bbox 547 773 577 832; x_wconf 92' lang='lat' dir='ltr'>in</span> <span class='ocrx_word' id='word_1_46' title='bbox 589 771 717 848; x_wconf 85' lang='lat' dir='ltr'>Ligures</span> <span class='ocrx_word' id='word_1_47' title='bbox 729 773 882 834; x_wconf 88' lang='lat' dir='ltr'>exercilus</span> <span class='ocrx_word' id='word_1_48' title='bbox 896 772 1082 836; x_wconf 84' lang='lat' dir='ltr'>induxerunt</span> 
     </span>
     <span class='ocr_line' id='line_1_8' title="bbox 98 856 1080 932; baseline -0.001 -13"><span class='ocrx_word' id='word_1_49' title='bbox 98 857 231 919; x_wconf 90' lang='lat' dir='ltr'>diversis</span> <span class='ocrx_word' id='word_1_50' title='bbox 253 857 400 932; x_wconf 89' lang='lat' dir='ltr'>partibus.</span> <span class='ocrx_word' id='word_1_51' title='bbox 428 856 601 917; x_wconf 91' lang='lat' dir='ltr'>Postumius</span> <span class='ocrx_word' id='word_1_52' title='bbox 622 857 721 931; x_wconf 89' lang='lat' dir='ltr'>prima</span> <span class='ocrx_word' id='word_1_53' title='bbox 741 863 772 918; x_wconf 90' lang='lat' dir='ltr'>et</span> <span class='ocrx_word' id='word_1_54' title='bbox 785 857 873 917; x_wconf 86' lang='lat' dir='ltr'>tertia</span> <span class='ocrx_word' id='word_1_55' title='bbox 886 857 1008 932; x_wconf 88' lang='lat' dir='ltr'>legione</span> <span class='ocrx_word' id='word_1_56' title='bbox 1021 857 1080 918; x_wconf 84' lang='lat' dir='ltr'>Bn-</span> 
     </span>
     <span class='ocr_line' id='line_1_9' title="bbox 96 937 1081 1018; baseline -0.001 -16"><span class='ocrx_word' id='word_1_57' title='bbox 96 943 199 1003; x_wconf 84' lang='lat' dir='ltr'>lislam</span> <span class='ocrx_word' id='word_1_58' title='bbox 206 939 485 1016; x_wconf 86' lang='lat' dir='ltr'>SuismontIumque</span> <span class='ocrx_word' id='word_1_59' title='bbox 496 946 615 1002; x_wconf 89' lang='lat' dir='ltr'>montes</span> <span class='ocrx_word' id='word_1_60' title='bbox 628 937 758 1015; x_wconf 81' lang='lat' dir='ltr'>obsedit,</span> <span class='ocrx_word' id='word_1_61' title='bbox 771 947 802 1000; x_wconf 90' lang='lat' dir='ltr'>et</span> <span class='ocrx_word' id='word_1_62' title='bbox 811 941 980 1016; x_wconf 88' lang='lat' dir='ltr'>premendo</span> <span class='ocrx_word' id='word_1_63' title='bbox 993 957 1081 1018; x_wconf 87' lang='lat' dir='ltr'>prae·</span> 
     </span>
     <span class='ocr_line' id='line_1_10' title="bbox 97 1023 1080 1100; baseline 0.001 -14"><span class='ocrx_word' id='word_1_64' title='bbox 97 1025 187 1086; x_wconf 89' lang='lat' dir='ltr'>sidiis</span> <span class='ocrx_word' id='word_1_65' title='bbox 209 1031 356 1100; x_wconf 88' lang='lat' dir='ltr'>angustos</span> <span class='ocrx_word' id='word_1_66' title='bbox 372 1023 469 1085; x_wconf 88' lang='lat' dir='ltr'>saltus</span> <span class='ocrx_word' id='word_1_67' title='bbox 484 1039 590 1086; x_wconf 88' lang='lat' dir='ltr'>eorum</span> <span class='ocrx_word' id='word_1_68' title='bbox 608 1029 795 1086; x_wconf 84' lang='lat' dir='ltr'>commeatus</span> <span class='ocrx_word' id='word_1_69' title='bbox 810 1024 993 1100; x_wconf 88' lang='lat' dir='ltr'>interclusit,</span> <span class='ocrx_word' id='word_1_70' title='bbox 1014 1024 1080 1087; x_wconf 88' lang='lat' dir='ltr'>lno-</span> 
     </span>
     <span class='ocr_line' id='line_1_11' title="bbox 97 1107 1079 1185; baseline -0.001 -15"><span class='ocrx_word' id='word_1_71' title='bbox 97 1110 213 1185; x_wconf 89' lang='lat' dir='ltr'>piaque</span> <span class='ocrx_word' id='word_1_72' title='bbox 236 1109 369 1170; x_wconf 89' lang='lat' dir='ltr'>omnium</span> <span class='ocrx_word' id='word_1_73' title='bbox 388 1123 491 1168; x_wconf 87' lang='lat' dir='ltr'>rerum</span> <span class='ocrx_word' id='word_1_74' title='bbox 511 1123 568 1169; x_wconf 90' lang='lat' dir='ltr'>eos</span> <span class='ocrx_word' id='word_1_75' title='bbox 588 1107 769 1184; x_wconf 88' lang='lat' dir='ltr'>perdomuit.</span> <span class='ocrx_word' id='word_1_76' title='bbox 797 1107 922 1170; x_wconf 79' lang='lat' dir='ltr'>Fulvius</span> <span class='ocrx_word' id='word_1_77' title='bbox 943 1109 1079 1170; x_wconf 90' lang='lat' dir='ltr'>secunda</span> 
     </span>
     <span class='ocr_line' id='line_1_12' title="bbox 97 1191 1081 1269; baseline -0.001 -16"><span class='ocrx_word' id='word_1_78' title='bbox 97 1200 128 1253; x_wconf 90' lang='lat' dir='ltr'>et</span> <span class='ocrx_word' id='word_1_79' title='bbox 151 1199 259 1269; x_wconf 86' lang='lat' dir='ltr'>quarta</span> <span class='ocrx_word' id='word_1_80' title='bbox 278 1193 400 1268; x_wconf 89' lang='lat' dir='ltr'>legione</span> <span class='ocrx_word' id='word_1_81' title='bbox 419 1193 545 1253; x_wconf 76' lang='lat' dir='ltr'>adamus</span> <span class='ocrx_word' id='word_1_82' title='bbox 560 1207 579 1251; x_wconf 90' lang='lat' dir='ltr'>a</span> <span class='ocrx_word' id='word_1_83' title='bbox 592 1191 671 1252; x_wconf 85' lang='lat' dir='ltr'>Pisis</span> <span class='ocrx_word' id='word_1_84' title='bbox 691 1194 841 1266; x_wconf 84' lang='lat' dir='ltr'>Apuanos</span> <span class='ocrx_word' id='word_1_85' title='bbox 862 1192 1005 1268; x_wconf 87' lang='lat' dir='ltr'>Ligures,</span> <span class='ocrx_word' id='word_1_86' title='bbox 1028 1193 1081 1268; x_wconf 93' lang='lat' dir='ltr'>qui</span> 
     </span>
     <span class='ocr_line' id='line_1_13' title="bbox 97 1274 1079 1349; baseline 0 -13"><span class='ocrx_word' id='word_1_87' title='bbox 97 1292 204 1338; x_wconf 88' lang='lat' dir='ltr'>eorum</span> <span class='ocrx_word' id='word_1_88' title='bbox 224 1276 306 1337; x_wconf 90' lang='lat' dir='ltr'>circa</span> <span class='ocrx_word' id='word_1_89' title='bbox 325 1274 459 1336; x_wconf 85' lang='lat' dir='ltr'>Macram</span> <span class='ocrx_word' id='word_1_90' title='bbox 479 1275 606 1337; x_wconf 89' lang='lat' dir='ltr'>fluvium</span> <span class='ocrx_word' id='word_1_91' title='bbox 627 1275 814 1349; x_wconf 89' lang='lat' dir='ltr'>incolebant,</span> <span class='ocrx_word' id='word_1_92' title='bbox 841 1276 873 1335; x_wconf 94' lang='lat' dir='ltr'>in</span> <span class='ocrx_word' id='word_1_93' title='bbox 894 1276 1079 1336; x_wconf 88' lang='lat' dir='ltr'>deditionem</span> 
     </span>
     <span class='ocr_line' id='line_1_14' title="bbox 98 1358 1078 1437; baseline 0 -17"><span class='ocrx_word' id='word_1_94' title='bbox 98 1367 261 1437; x_wconf 89' lang='lat' dir='ltr'>acceptos,</span> <span class='ocrx_word' id='word_1_95' title='bbox 281 1361 321 1421; x_wconf 92' lang='lat' dir='ltr'>ad</span> <span class='ocrx_word' id='word_1_96' title='bbox 342 1365 461 1435; x_wconf 87' lang='lat' dir='ltr'>septem</span> <span class='ocrx_word' id='word_1_97' title='bbox 476 1359 557 1419; x_wconf 90' lang='lat' dir='ltr'>milia</span> <span class='ocrx_word' id='word_1_98' title='bbox 572 1358 742 1433; x_wconf 91' lang='lat' dir='ltr'>homiuum,</span> <span class='ocrx_word' id='word_1_99' title='bbox 763 1358 793 1418; x_wconf 89' lang='lat' dir='ltr'>in</span> <span class='ocrx_word' id='word_1_100' title='bbox 807 1375 902 1419; x_wconf 91' lang='lat' dir='ltr'>naves</span> <span class='ocrx_word' id='word_1_101' title='bbox 917 1359 1078 1434; x_wconf 87' lang='lat' dir='ltr'>impositos</span> 
     </span>
     <span class='ocr_line' id='line_1_15' title="bbox 98 1441 1078 1519; baseline 0.001 -16"><span class='ocrx_word' id='word_1_102' title='bbox 98 1449 221 1519; x_wconf 88' lang='lat' dir='ltr'>praeter</span> <span class='ocrx_word' id='word_1_103' title='bbox 235 1459 321 1504; x_wconf 92' lang='lat' dir='ltr'>oram</span> <span class='ocrx_word' id='word_1_104' title='bbox 335 1442 456 1504; x_wconf 82' lang='lat' dir='ltr'>Etrusci</span> <span class='ocrx_word' id='word_1_105' title='bbox 473 1441 565 1502; x_wconf 90' lang='lat' dir='ltr'>maris</span> <span class='ocrx_word' id='word_1_106' title='bbox 580 1441 738 1518; x_wconf 88' lang='lat' dir='ltr'>Neapolim</span> <span class='ocrx_word' id='word_1_107' title='bbox 753 1441 930 1502; x_wconf 85' lang='lat' dir='ltr'>transmisit.</span> <span class='ocrx_word' id='word_1_108' title='bbox 961 1443 1034 1504; x_wconf 89' lang='lat' dir='ltr'>inde</span> <span class='ocrx_word' id='word_1_109' title='bbox 1049 1443 1078 1504; x_wconf 92' lang='lat' dir='ltr'>in</span> 
     </span>
     <span class='ocr_line' id='line_1_16' title="bbox 98 1525 1078 1603; baseline -0.004 -15"><span class='ocrx_word' id='word_1_110' title='bbox 98 1525 255 1588; x_wconf 87' lang='lat' dir='ltr'>Samnium</span> <span class='ocrx_word' id='word_1_111' title='bbox 267 1525 412 1601; x_wconf 88' lang='lat' dir='ltr'>traducti,</span> <span class='ocrx_word' id='word_1_112' title='bbox 433 1542 569 1603; x_wconf 83' lang='lat' dir='ltr'>agerque</span> <span class='ocrx_word' id='word_1_113' title='bbox 583 1525 630 1586; x_wconf 93' lang='lat' dir='ltr'>his</span> <span class='ocrx_word' id='word_1_114' title='bbox 644 1526 721 1586; x_wconf 88' lang='lat' dir='ltr'>inter</span> <span class='ocrx_word' id='word_1_115' title='bbox 735 1526 901 1602; x_wconf 89' lang='lat' dir='ltr'>populares</span> <span class='ocrx_word' id='word_1_116' title='bbox 917 1525 1007 1587; x_wconf 89' lang='lat' dir='ltr'>datas</span> <span class='ocrx_word' id='word_1_117' title='bbox 1021 1535 1078 1586; x_wconf 86' lang='lat' dir='ltr'>est.</span> 
     </span>
     <span class='ocr_line' id='line_1_17' title="bbox 98 1606 1080 1686; baseline 0.001 -16"><span class='ocrx_word' id='word_1_118' title='bbox 98 1617 312 1675; x_wconf 89' lang='lat' dir='ltr'>montanorum</span> <span class='ocrx_word' id='word_1_119' title='bbox 325 1609 470 1686; x_wconf 87' lang='lat' dir='ltr'>Ligurum</span> <span class='ocrx_word' id='word_1_120' title='bbox 490 1611 529 1670; x_wconf 88' lang='lat' dir='ltr'>ab</span> <span class='ocrx_word' id='word_1_121' title='bbox 543 1611 581 1670; x_wconf 84' lang='lat' dir='ltr'>A.</span> <span class='ocrx_word' id='word_1_122' title='bbox 596 1608 751 1671; x_wconf 90' lang='lat' dir='ltr'>Postumio</span> <span class='ocrx_word' id='word_1_123' title='bbox 769 1606 877 1670; x_wconf 88' lang='lat' dir='ltr'>vineae</span> <span class='ocrx_word' id='word_1_124' title='bbox 892 1623 1003 1670; x_wconf 90' lang='lat' dir='ltr'>caesae</span> <span class='ocrx_word' id='word_1_125' title='bbox 1017 1610 1080 1671; x_wconf 86' lang='lat' dir='ltr'>Iru-</span> 
     </span>
     <span class='ocr_line' id='line_1_18' title="bbox 98 1691 1079 1771; baseline 0.001 -17"><span class='ocrx_word' id='word_1_126' title='bbox 98 1700 262 1771; x_wconf 88' lang='lat' dir='ltr'>meutaque</span> <span class='ocrx_word' id='word_1_127' title='bbox 277 1693 400 1769; x_wconf 87' lang='lat' dir='ltr'>deusta,</span> <span class='ocrx_word' id='word_1_128' title='bbox 424 1695 523 1756; x_wconf 85' lang='lat' dir='ltr'>donec</span> <span class='ocrx_word' id='word_1_129' title='bbox 538 1693 676 1755; x_wconf 91' lang='lat' dir='ltr'>cladibus</span> <span class='ocrx_word' id='word_1_130' title='bbox 692 1691 834 1754; x_wconf 89' lang='lat' dir='ltr'>omnibus</span> <span class='ocrx_word' id='word_1_131' title='bbox 849 1692 922 1754; x_wconf 91' lang='lat' dir='ltr'>belli</span> <span class='ocrx_word' id='word_1_132' title='bbox 936 1693 1034 1755; x_wconf 88' lang='lat' dir='ltr'>coacti</span> <span class='ocrx_word' id='word_1_133' title='bbox 1048 1695 1079 1755; x_wconf 82' lang='lat' dir='ltr'>ia</span> 
     </span>
     <span class='ocr_line' id='line_1_19' title="bbox 99 1776 1080 1852; baseline -0.002 -14"><span class='ocrx_word' id='word_1_134' title='bbox 99 1777 285 1840; x_wconf 88' lang='lat' dir='ltr'>deditionem</span> <span class='ocrx_word' id='word_1_135' title='bbox 306 1785 456 1840; x_wconf 90' lang='lat' dir='ltr'>venerunt</span> <span class='ocrx_word' id='word_1_136' title='bbox 475 1792 621 1852; x_wconf 89' lang='lat' dir='ltr'>armaque</span> <span class='ocrx_word' id='word_1_137' title='bbox 635 1777 833 1837; x_wconf 88' lang='lat' dir='ltr'>tradiderunt.</span> <span class='ocrx_word' id='word_1_138' title='bbox 863 1776 992 1837; x_wconf 90' lang='lat' dir='ltr'>navibus</span> <span class='ocrx_word' id='word_1_139' title='bbox 1007 1777 1080 1837; x_wconf 91' lang='lat' dir='ltr'>inde</span> 
     </span>
     <span class='ocr_line' id='line_1_20' title="bbox 98 1860 1076 1935; baseline -0.003 -14"><span class='ocrx_word' id='word_1_140' title='bbox 98 1861 272 1924; x_wconf 85' lang='lat' dir='ltr'>Postumius</span> <span class='ocrx_word' id='word_1_141' title='bbox 292 1861 334 1922; x_wconf 88' lang='lat' dir='ltr'>ad</span> <span class='ocrx_word' id='word_1_142' title='bbox 348 1861 507 1922; x_wconf 86' lang='lat' dir='ltr'>vIsendam</span> <span class='ocrx_word' id='word_1_143' title='bbox 523 1875 607 1921; x_wconf 89' lang='lat' dir='ltr'>oram</span> <span class='ocrx_word' id='word_1_144' title='bbox 621 1860 826 1935; x_wconf 90' lang='lat' dir='ltr'>Ingaunorum</span> <span class='ocrx_word' id='word_1_145' title='bbox 840 1860 1076 1922; x_wconf 86' lang='lat' dir='ltr'>Intemeliorum-</span> 
     </span>
     <span class='ocr_line' id='line_1_21' title="bbox 99 1943 1081 2021; baseline -0.001 -16"><span class='ocrx_word' id='word_1_146' title='bbox 99 1959 161 2020; x_wconf 83' lang='lat' dir='ltr'>que</span> <span class='ocrx_word' id='word_1_147' title='bbox 174 1944 318 2020; x_wconf 90' lang='lat' dir='ltr'>Ligurum</span> <span class='ocrx_word' id='word_1_148' title='bbox 338 1943 500 2021; x_wconf 87' lang='lat' dir='ltr'>processit.</span> <span class='ocrx_word' id='word_1_149' title='bbox 529 1945 707 2021; x_wconf 90' lang='lat' dir='ltr'>priusquam</span> <span class='ocrx_word' id='word_1_150' title='bbox 726 1943 757 2005; x_wconf 91' lang='lat' dir='ltr'>hi</span> <span class='ocrx_word' id='word_1_151' title='bbox 779 1945 924 2005; x_wconf 70' lang='lat' dir='ltr'>consides</span> <span class='ocrx_word' id='word_1_152' title='bbox 941 1943 1081 2004; x_wconf 88' lang='lat' dir='ltr'>venirent</span> 
     </span>
     <span class='ocr_line' id='line_1_22' title="bbox 98 2027 1079 2104; baseline 0.001 -17"><span class='ocrx_word' id='word_1_153' title='bbox 98 2028 139 2088; x_wconf 92' lang='lat' dir='ltr'>ad</span> <span class='ocrx_word' id='word_1_154' title='bbox 153 2029 328 2103; x_wconf 88' lang='lat' dir='ltr'>exercitum,</span> <span class='ocrx_word' id='word_1_155' title='bbox 345 2029 397 2104; x_wconf 93' lang='lat' dir='ltr'>qui</span> <span class='ocrx_word' id='word_1_156' title='bbox 410 2027 497 2088; x_wconf 87' lang='lat' dir='ltr'>Pisas</span> <span class='ocrx_word' id='word_1_157' title='bbox 512 2027 642 2089; x_wconf 88' lang='lat' dir='ltr'>indictus</span> <span class='ocrx_word' id='word_1_158' title='bbox 659 2036 731 2102; x_wconf 75' lang='lat' dir='ltr'>erat,</span> <span class='ocrx_word' id='word_1_159' title='bbox 747 2034 910 2103; x_wconf 83' lang='lat' dir='ltr'>praeerant</span> <span class='ocrx_word' id='word_1_160' title='bbox 920 2029 958 2088; x_wconf 85' lang='lat' dir='ltr'>A.</span> <span class='ocrx_word' id='word_1_161' title='bbox 973 2027 1079 2089; x_wconf 89' lang='lat' dir='ltr'>Postu·</span> 
     </span>
     <span class='ocr_line' id='line_1_23' title="bbox 97 2110 1078 2187; baseline -0.001 -16"><span class='ocrx_word' id='word_1_162' title='bbox 97 2110 178 2173; x_wconf 88' lang='lat' dir='ltr'>mius</span> <span class='ocrx_word' id='word_1_163' title='bbox 194 2120 224 2172; x_wconf 87' lang='lat' dir='ltr'>ct</span> <span class='ocrx_word' id='word_1_164' title='bbox 237 2113 330 2174; x_wconf 88' lang='lat' dir='ltr'>lrater</span> <span class='ocrx_word' id='word_1_165' title='bbox 345 2111 378 2187; x_wconf 79' lang='lat' dir='ltr'>Q.</span> <span class='ocrx_word' id='word_1_166' title='bbox 392 2111 489 2172; x_wconf 87' lang='lat' dir='ltr'>Fulvii</span> <span class='ocrx_word' id='word_1_167' title='bbox 504 2110 544 2171; x_wconf 90' lang='grc' dir='ltr'>Μ.</span> <span class='ocrx_word' id='word_1_168' title='bbox 559 2110 684 2172; x_wconf 87' lang='lat' dir='ltr'>Fulvius</span> <span class='ocrx_word' id='word_1_169' title='bbox 698 2111 844 2176; x_wconf 89' lang='lat' dir='ltr'>Nobilior.</span> <span class='ocrx_word' id='word_1_170' title='bbox 865 2111 1022 2171; x_wconf 91' lang='lat' dir='ltr'>secundae</span> <span class='ocrx_word' id='word_1_171' title='bbox 1037 2112 1078 2170; x_wconf 90' lang='lat' dir='ltr'>le·</span> 
     </span>
     <span class='ocr_line' id='line_1_24' title="bbox 98 2193 1078 2271; baseline 0 -17"><span class='ocrx_word' id='word_1_172' title='bbox 98 2195 199 2271; x_wconf 83' lang='lat' dir='ltr'>gionIs</span> <span class='ocrx_word' id='word_1_173' title='bbox 218 2195 343 2257; x_wconf 79' lang='lat' dir='ltr'>Fuleus</span> <span class='ocrx_word' id='word_1_174' title='bbox 370 2194 508 2256; x_wconf 91' lang='lat' dir='ltr'>tribunus</span> <span class='ocrx_word' id='word_1_175' title='bbox 529 2193 653 2255; x_wconf 90' lang='lat' dir='ltr'>militum</span> <span class='ocrx_word' id='word_1_176' title='bbox 678 2201 752 2255; x_wconf 87' lang='lat' dir='ltr'>erat.</span> <span class='ocrx_word' id='word_1_177' title='bbox 784 2193 812 2254; x_wconf 91' lang='lat' dir='ltr'>is</span> <span class='ocrx_word' id='word_1_178' title='bbox 833 2193 992 2254; x_wconf 90' lang='lat' dir='ltr'>mensibus</span> <span class='ocrx_word' id='word_1_179' title='bbox 1013 2194 1078 2254; x_wconf 86' lang='lat' dir='ltr'>suls</span> 
     </span>
     <span class='ocr_line' id='line_1_25' title="bbox 98 2275 1079 2354; baseline -0.005 -14"><span class='ocrx_word' id='word_1_180' title='bbox 98 2278 213 2340; x_wconf 88' lang='lat' dir='ltr'>dimisit</span> <span class='ocrx_word' id='word_1_181' title='bbox 225 2280 386 2354; x_wconf 88' lang='lat' dir='ltr'>legionem,</span> <span class='ocrx_word' id='word_1_182' title='bbox 400 2278 595 2340; x_wconf 89' lang='lat' dir='ltr'>iureiurando</span> <span class='ocrx_word' id='word_1_183' title='bbox 610 2277 727 2338; x_wconf 90' lang='lat' dir='ltr'>adactis</span> <span class='ocrx_word' id='word_1_184' title='bbox 738 2275 966 2338; x_wconf 88' lang='lat' dir='ltr'>centurionibus</span> <span class='ocrx_word' id='word_1_185' title='bbox 978 2292 1033 2338; x_wconf 88' lang='lat' dir='ltr'>aes</span> <span class='ocrx_word' id='word_1_186' title='bbox 1047 2278 1079 2336; x_wconf 92' lang='lat' dir='ltr'>in</span> 
     </span>
     <span class='ocr_line' id='line_1_26' title="bbox 98 2358 1077 2437; baseline -0.004 -13"><span class='ocrx_word' id='word_1_187' title='bbox 98 2364 249 2424; x_wconf 89' lang='lat' dir='ltr'>aerarium</span> <span class='ocrx_word' id='word_1_188' title='bbox 269 2364 308 2423; x_wconf 89' lang='lat' dir='ltr'>ad</span> <span class='ocrx_word' id='word_1_189' title='bbox 330 2369 510 2437; x_wconf 88' lang='lat' dir='ltr'>quaestores</span> <span class='ocrx_word' id='word_1_190' title='bbox 531 2377 603 2424; x_wconf 88' lang='lat' dir='ltr'>esse</span> <span class='ocrx_word' id='word_1_191' title='bbox 620 2363 784 2423; x_wconf 89' lang='lat' dir='ltr'>delaturos.</span> <span class='ocrx_word' id='word_1_192' title='bbox 813 2359 873 2422; x_wconf 90' lang='lat' dir='ltr'>boc</span> <span class='ocrx_word' id='word_1_193' title='bbox 886 2358 938 2420; x_wconf 91' lang='lat' dir='ltr'>ubi</span> <span class='ocrx_word' id='word_1_194' title='bbox 952 2360 1077 2421; x_wconf 88' lang='lat' dir='ltr'>Placen·</span> 
     </span>
     <span class='ocr_line' id='line_1_27' title="bbox 96 2445 1079 2522; baseline -0.004 -14"><span class='ocrx_word' id='word_1_195' title='bbox 96 2445 170 2508; x_wconf 87' lang='lat' dir='ltr'>tlam</span> <span class='ocrx_word' id='word_1_196' title='bbox 179 2479 223 2491; x_wconf 90' lang='lat'>—</span> <span class='ocrx_word' id='word_1_197' title='bbox 233 2463 303 2508; x_wconf 89' lang='lat' dir='ltr'>nam</span> <span class='ocrx_word' id='word_1_198' title='bbox 315 2462 352 2508; x_wconf 91' lang='lat' dir='ltr'>eo</span> <span class='ocrx_word' id='word_1_199' title='bbox 364 2448 442 2509; x_wconf 85' lang='lat' dir='ltr'>forte</span> <span class='ocrx_word' id='word_1_200' title='bbox 454 2453 520 2508; x_wconf 86' lang='lat' dir='ltr'>erat</span> <span class='ocrx_word' id='word_1_201' title='bbox 529 2447 736 2522; x_wconf 88' lang='lat' dir='ltr'>prolectus-</span> <span class='ocrx_word' id='word_1_202' title='bbox 747 2445 828 2505; x_wconf 87' lang='lat' dir='ltr'>Aulo</span> <span class='ocrx_word' id='word_1_203' title='bbox 840 2445 1010 2507; x_wconf 88' lang='lat' dir='ltr'>nuntiatum</span> <span class='ocrx_word' id='word_1_204' title='bbox 1021 2451 1079 2518; x_wconf 86' lang='lat' dir='ltr'>est,</span> 
     </span>
     <span class='ocr_line' id='line_1_28' title="bbox 97 2529 1079 2608; baseline -0.004 -17"><span class='ocrx_word' id='word_1_205' title='bbox 97 2545 169 2592; x_wconf 91' lang='lat' dir='ltr'>cum</span> <span class='ocrx_word' id='word_1_206' title='bbox 192 2530 345 2606; x_wconf 87' lang='lat' dir='ltr'>equilibus</span> <span class='ocrx_word' id='word_1_207' title='bbox 368 2529 519 2608; x_wconf 85' lang='lat' dir='ltr'>expeditis</span> <span class='ocrx_word' id='word_1_208' title='bbox 540 2538 665 2592; x_wconf 88' lang='lat' dir='ltr'>secutus</span> <span class='ocrx_word' id='word_1_209' title='bbox 685 2530 846 2603; x_wconf 90' lang='lat' dir='ltr'>dimissos,</span> <span class='ocrx_word' id='word_1_210' title='bbox 872 2545 952 2605; x_wconf 90' lang='lat' dir='ltr'>quos</span> <span class='ocrx_word' id='word_1_211' title='bbox 973 2544 1079 2590; x_wconf 90' lang='lat' dir='ltr'>eorum</span> 
     </span>
     <span class='ocr_line' id='line_1_29' title="bbox 97 2613 1079 2690; baseline -0.005 -14"><span class='ocrx_word' id='word_1_212' title='bbox 97 2614 198 2690; x_wconf 87' lang='lat' dir='ltr'>potuit</span> <span class='ocrx_word' id='word_1_213' title='bbox 216 2613 360 2690; x_wconf 84' lang='lat' dir='ltr'>adsequi,</span> <span class='ocrx_word' id='word_1_214' title='bbox 381 2614 509 2675; x_wconf 88' lang='lat' dir='ltr'>deduxit</span> <span class='ocrx_word' id='word_1_215' title='bbox 522 2614 687 2688; x_wconf 88' lang='lat' dir='ltr'>castigatos</span> <span class='ocrx_word' id='word_1_216' title='bbox 701 2613 805 2684; x_wconf 72' lang='lat' dir='ltr'>Pisas,</span> <span class='ocrx_word' id='word_1_217' title='bbox 828 2613 867 2674; x_wconf 91' lang='lat' dir='ltr'>de</span> <span class='ocrx_word' id='word_1_218' title='bbox 881 2613 991 2673; x_wconf 89' lang='lat' dir='ltr'>ceteris</span> <span class='ocrx_word' id='word_1_219' title='bbox 1006 2628 1079 2673; x_wconf 92' lang='lat' dir='ltr'>con·</span> 
     </span>
     <span class='ocr_line' id='line_1_30' title="bbox 97 2697 1080 2759; baseline -0.003 -1"><span class='ocrx_word' id='word_1_220' title='bbox 97 2699 198 2759; x_wconf 88' lang='lat' dir='ltr'>sulem</span> <span class='ocrx_word' id='word_1_221' title='bbox 221 2697 381 2758; x_wconf 90' lang='lat' dir='ltr'>certiorem</span> <span class='ocrx_word' id='word_1_222' title='bbox 407 2697 487 2759; x_wconf 88' lang='lat' dir='ltr'>iecit.</span> <span class='ocrx_word' id='word_1_223' title='bbox 520 2713 557 2758; x_wconf 90' lang='lat' dir='ltr'>eo</span> <span class='ocrx_word' id='word_1_224' title='bbox 577 2699 729 2758; x_wconf 88' lang='lat' dir='ltr'>reterente</span> <span class='ocrx_word' id='word_1_225' title='bbox 752 2703 879 2756; x_wconf 90' lang='lat' dir='ltr'>senatus</span> <span class='ocrx_word' id='word_1_226' title='bbox 901 2697 1080 2758; x_wconf 77' lang='lat' dir='ltr'>factumest</span> 
     </span>
     <span class='ocr_line' id='line_1_31' title="bbox 97 2779 1080 2856; baseline -0.003 -15"><span class='ocrx_word' id='word_1_227' title='bbox 97 2781 286 2855; x_wconf 88' lang='lat' dir='ltr'>consultum,</span> <span class='ocrx_word' id='word_1_228' title='bbox 309 2788 340 2842; x_wconf 87' lang='lat' dir='ltr'>ut</span> <span class='ocrx_word' id='word_1_229' title='bbox 353 2781 393 2840; x_wconf 90' lang='grc' dir='ltr'>Μ,</span> <span class='ocrx_word' id='word_1_230' title='bbox 408 2780 534 2841; x_wconf 88' lang='lat' dir='ltr'>Fuleus</span> <span class='ocrx_word' id='word_1_231' title='bbox 556 2781 586 2840; x_wconf 90' lang='lat' dir='ltr'>iu</span> <span class='ocrx_word' id='word_1_232' title='bbox 600 2779 780 2856; x_wconf 90' lang='lat' dir='ltr'>Hispaniam</span> <span class='ocrx_word' id='word_1_233' title='bbox 800 2782 988 2853; x_wconf 87' lang='lat' dir='ltr'>relegaretur</span> <span class='ocrx_word' id='word_1_234' title='bbox 1001 2781 1080 2839; x_wconf 90' lang='lat' dir='ltr'>ultra</span> 
     </span>
     <span class='ocr_line' id='line_1_32' title="bbox 96 2862 1079 2941; baseline -0.002 -18"><span class='ocrx_word' id='word_1_235' title='bbox 96 2880 209 2925; x_wconf 89' lang='lat' dir='ltr'>novam</span> <span class='ocrx_word' id='word_1_236' title='bbox 225 2864 453 2941; x_wconf 83' lang='lat' dir='ltr'>Carthagmem;</span> <span class='ocrx_word' id='word_1_237' title='bbox 475 2862 655 2939; x_wconf 85' lang='lat' dir='ltr'>litteraeque</span> <span class='ocrx_word' id='word_1_238' title='bbox 676 2863 704 2925; x_wconf 90' lang='lat' dir='ltr'>ei</span> <span class='ocrx_word' id='word_1_239' title='bbox 726 2864 816 2924; x_wconf 88' lang='lat' dir='ltr'>datae</span> <span class='ocrx_word' id='word_1_240' title='bbox 833 2869 904 2925; x_wconf 90' lang='lat' dir='ltr'>sunt</span> <span class='ocrx_word' id='word_1_241' title='bbox 918 2879 937 2922; x_wconf 91' lang='lat' dir='ltr'>a</span> <span class='ocrx_word' id='word_1_242' title='bbox 952 2863 1079 2923; x_wconf 90' lang='lat' dir='ltr'>consule</span> 
     </span>
     <span class='ocr_line' id='line_1_33' title="bbox 97 2945 1078 3024; baseline -0.002 -16"><span class='ocrx_word' id='word_1_243' title='bbox 97 2948 139 3008; x_wconf 87' lang='lat' dir='ltr'>ad</span> <span class='ocrx_word' id='word_1_244' title='bbox 152 2947 183 3008; x_wconf 94' lang='lat' dir='ltr'>P.</span> <span class='ocrx_word' id='word_1_245' title='bbox 198 2946 344 3012; x_wconf 89' lang='lat' dir='ltr'>Manlium</span> <span class='ocrx_word' id='word_1_246' title='bbox 358 2950 387 3009; x_wconf 94' lang='lat' dir='ltr'>in</span> <span class='ocrx_word' id='word_1_247' title='bbox 402 2947 580 3024; x_wconf 87' lang='lat' dir='ltr'>Hispaniam</span> <span class='ocrx_word' id='word_1_248' title='bbox 594 2947 769 3008; x_wconf 86' lang='lat' dir='ltr'>ulteriorem</span> <span class='ocrx_word' id='word_1_249' title='bbox 783 2946 984 3009; x_wconf 78' lang='lat' dir='ltr'>deferendae:</span> <span class='ocrx_word' id='word_1_250' title='bbox 1003 2945 1078 3007; x_wconf 88' lang='lat' dir='ltr'>mili-</span> 
     </span>
     <span class='ocr_line' id='line_1_34' title="bbox 97 3029 1079 3108; baseline -0.002 -16"><span class='ocrx_word' id='word_1_251' title='bbox 97 3039 146 3092; x_wconf 89' lang='lat' dir='ltr'>tes</span> <span class='ocrx_word' id='word_1_252' title='bbox 167 3029 245 3092; x_wconf 89' lang='lat' dir='ltr'>Iussi</span> <span class='ocrx_word' id='word_1_253' title='bbox 264 3033 305 3092; x_wconf 92' lang='lat' dir='ltr'>ud</span> <span class='ocrx_word' id='word_1_254' title='bbox 325 3033 415 3108; x_wconf 89' lang='lat' dir='ltr'>signa</span> <span class='ocrx_word' id='word_1_255' title='bbox 427 3031 538 3092; x_wconf 87' lang='lat' dir='ltr'>redire.</span> <span class='ocrx_word' id='word_1_256' title='bbox 567 3047 663 3092; x_wconf 90' lang='lat' dir='ltr'>causa</span> <span class='ocrx_word' id='word_1_257' title='bbox 676 3030 860 3105; x_wconf 89' lang='lat' dir='ltr'>ignominiae</span> <span class='ocrx_word' id='word_1_258' title='bbox 873 3031 917 3090; x_wconf 89' lang='lat' dir='ltr'>uti</span> <span class='ocrx_word' id='word_1_259' title='bbox 931 3036 1079 3092; x_wconf 89' lang='lat' dir='ltr'>semestre</span> 
     </span>
     <span class='ocr_line' id='line_1_35' title="bbox 97 3113 1079 3191; baseline -0.001 -16"><span class='ocrx_word' id='word_1_260' title='bbox 97 3113 284 3190; x_wconf 89' lang='lat' dir='ltr'>stipendium</span> <span class='ocrx_word' id='word_1_261' title='bbox 304 3115 335 3175; x_wconf 92' lang='lat' dir='ltr'>in</span> <span class='ocrx_word' id='word_1_262' title='bbox 349 3132 419 3177; x_wconf 92' lang='lat' dir='ltr'>eum</span> <span class='ocrx_word' id='word_1_263' title='bbox 439 3130 552 3176; x_wconf 90' lang='lat' dir='ltr'>annum</span> <span class='ocrx_word' id='word_1_264' title='bbox 566 3123 651 3177; x_wconf 88' lang='lat' dir='ltr'>esset</span> <span class='ocrx_word' id='word_1_265' title='bbox 665 3115 693 3175; x_wconf 94' lang='lat' dir='ltr'>ei</span> <span class='ocrx_word' id='word_1_266' title='bbox 707 3113 819 3190; x_wconf 88' lang='lat' dir='ltr'>legioni</span> <span class='ocrx_word' id='word_1_267' title='bbox 834 3115 1004 3175; x_wconf 83' lang='lat' dir='ltr'>decretum=</span> <span class='ocrx_word' id='word_1_268' title='bbox 1027 3115 1079 3191; x_wconf 90' lang='lat' dir='ltr'>qui</span> 
     </span>
     <span class='ocr_line' id='line_1_36' title="bbox 96 3197 1079 3275; baseline 0.001 -18"><span class='ocrx_word' id='word_1_269' title='bbox 96 3198 185 3258; x_wconf 90' lang='lat' dir='ltr'>miles</span> <span class='ocrx_word' id='word_1_270' title='bbox 201 3198 241 3258; x_wconf 86' lang='lat' dir='ltr'>ad</span> <span class='ocrx_word' id='word_1_271' title='bbox 256 3200 421 3261; x_wconf 87' lang='lat' dir='ltr'>exercitum</span> <span class='ocrx_word' id='word_1_272' title='bbox 435 3216 497 3261; x_wconf 94' lang='lat' dir='ltr'>non</span> <span class='ocrx_word' id='word_1_273' title='bbox 508 3198 649 3274; x_wconf 88' lang='lat' dir='ltr'>redisset,</span> <span class='ocrx_word' id='word_1_274' title='bbox 664 3214 733 3259; x_wconf 92' lang='lat' dir='ltr'>eum</span> <span class='ocrx_word' id='word_1_275' title='bbox 744 3197 845 3274; x_wconf 92' lang='lat' dir='ltr'>ipsum</span> <span class='ocrx_word' id='word_1_276' title='bbox 856 3197 1000 3275; x_wconf 89' lang='lat' dir='ltr'>bonaque</span> <span class='ocrx_word' id='word_1_277' title='bbox 1011 3199 1079 3258; x_wconf 88' lang='lat' dir='ltr'>elus</span> 
     </span>
     <span class='ocr_line' id='line_1_37' title="bbox 96 3282 485 3344; baseline 0.008 -3"><span class='ocrx_word' id='word_1_278' title='bbox 96 3282 233 3342; x_wconf 86' lang='lat' dir='ltr'>vendere</span> <span class='ocrx_word' id='word_1_279' title='bbox 248 3283 355 3342; x_wconf 91' lang='lat' dir='ltr'>consul</span> <span class='ocrx_word' id='word_1_280' title='bbox 371 3282 485 3344; x_wconf 91' lang='lat' dir='ltr'>iussus.</span> 
     </span>
    </p>

    <p class='ocr_par' dir='ltr' id='par_1_4' title="bbox 96 3363 1078 3528">
     <span class='ocr_line' id='line_1_38' title="bbox 182 3363 1078 3440; baseline -0.007 -15"><span class='ocrx_word' id='word_1_281' title='bbox 182 3364 271 3425; x_wconf 87' lang='lat' dir='ltr'>XLII.</span> <span class='ocrx_word' id='word_1_282' title='bbox 291 3365 408 3426; x_wconf 83' lang='lat' dir='ltr'>Eodem</span> <span class='ocrx_word' id='word_1_283' title='bbox 428 3382 507 3427; x_wconf 92' lang='lat' dir='ltr'>anno</span> <span class='ocrx_word' id='word_1_284' title='bbox 528 3367 562 3427; x_wconf 92' lang='lat' dir='ltr'>L.</span> <span class='ocrx_word' id='word_1_285' title='bbox 583 3363 753 3438; x_wconf 89' lang='lat' dir='ltr'>Duronius,</span> <span class='ocrx_word' id='word_1_286' title='bbox 781 3365 833 3440; x_wconf 88' lang='lat' dir='ltr'>qui</span> <span class='ocrx_word' id='word_1_287' title='bbox 854 3371 979 3440; x_wconf 89' lang='lat' dir='ltr'>praetor</span> <span class='ocrx_word' id='word_1_288' title='bbox 998 3378 1078 3420; x_wconf 92' lang='lat' dir='ltr'>anno</span> 
     </span>
     <span class='ocr_line' id='line_1_39' title="bbox 96 3446 1078 3528; baseline -0.006 -19"><span class='ocrx_word' id='word_1_289' title='bbox 96 3452 259 3524; x_wconf 85' lang='lat' dir='ltr'>superiore</span> <span class='ocrx_word' id='word_1_290' title='bbox 277 3464 316 3508; x_wconf 88' lang='lat' dir='ltr'>ex</span> <span class='ocrx_word' id='word_1_291' title='bbox 330 3448 452 3528; x_wconf 80' lang='lat' dir='ltr'>illyrico</span> <span class='ocrx_word' id='word_1_292' title='bbox 470 3465 541 3509; x_wconf 90' lang='lat' dir='ltr'>cum</span> <span class='ocrx_word' id='word_1_293' title='bbox 555 3451 661 3510; x_wconf 88' lang='lat' dir='ltr'>decem</span> <span class='ocrx_word' id='word_1_294' title='bbox 676 3449 806 3509; x_wconf 90' lang='lat' dir='ltr'>navibus</span> <span class='ocrx_word' id='word_1_295' title='bbox 820 3446 1015 3509; x_wconf 89' lang='lat' dir='ltr'>BrundIsium</span> <span class='ocrx_word' id='word_1_296' title='bbox 1030 3459 1078 3503; x_wconf 88' lang='lat' dir='ltr'>re-</span> 
     </span>
    </p>
   </div>
   <div class='ocr_carea' id='block_1_3' title="bbox 0 0 1304 3956">
    <p class='ocr_par' dir='ltr' id='par_1_5' title="bbox 0 0 1304 3956">
     <span class='ocr_line' id='line_1_40' title="bbox 0 0 1304 3956; baseline 0 0"><span class='ocrx_word' id='word_1_297' title='bbox 0 0 1304 3956; x_wconf 95' lang='lat' dir='ltr'> </span> 
     </span>
    </p>
   </div>
  </div>
 </body>
</html>
