2570 3952
181 237 192 256 ·
260 187 376 273 nmen
390 211 480 272 xcv.
502 211 585 272 cnr.
603 221 645 277 n.
659 221 702 276 ra.
718 221 761 278 m.
783 216 820 292 p.
833 220 865 275 c.
880 218 940 296 ren]
1026 216 1089 282 roo

108 371 230 428 ratores
242 362 316 424 nibil
332 363 487 438 indignum
502 379 560 424 nec
575 363 735 427 clementia
749 381 807 428 nec
821 368 969 443 gravitate
984 369 1090 445 populi

107 446 241 512 Romani
262 447 441 508 decreturos
460 462 541 522 esse,
561 447 706 511 tamenin
722 455 1091 529 senatuquoqueagitata
1113 466 1115 470 ·

108 535 159 594 e'st
172 546 291 594 summa
306 531 513 605 consiliorum,
527 540 561 593 ut
574 532 716 594 inchoata
726 535 828 594 omnia
841 535 932 610 legati
947 535 985 596 ab
997 538 1089 598 domo

109 617 191 677 lerre
212 615 251 676 ad
273 615 472 690 imperatores
494 621 632 689 possent.
667 616 774 676 XVlll.
802 618 935 679 omnium
960 619 1090 694 primurn

109 701 225 761 liberos
242 712 314 758 esse
329 696 665 774 placebat-Macedonas
679 709 770 776 atque
784 699 933 778 Illyricos,
948 709 981 763 ut
995 705 1091 765 omoi-

109 785 169 844 bus
189 781 333 858 gentibus
351 789 516 858 appareret
535 797 619 842 arma
640 783 745 858 populi
760 785 888 846 Romani
909 801 971 846 non
986 785 1090 848 liberis

111 866 290 928 servitutem
303 865 360 926 ¹scd
377 871 484 926 contra
500 865 705 928 servientibus
723 866 891 929 libertatem
906 869 1037 944 adferre,
1056 877 1091 930 ut

109 958 141 1011 et
161 950 193 1010 in
216 949 353 1011 libertate
369 956 477 1024 genus
498 965 577 1026 quae
597 957 702 1011 essent
715 957 809 1012 lutam
823 967 891 1012 eam
906 951 964 1012 sibi
980 969 1089 1029 perpe·

110 1043 256 1108 tuamque
270 1033 329 1094 sub
342 1033 436 1094 tutela
451 1036 559 1112 populi
576 1033 707 1096 Romani
725 1049 806 1111 esse,
827 1043 858 1096 et
872 1050 952 1112 quae
966 1036 1025 1096 sub
1041 1053 1089 1097 re·

110 1116 201 1194 gibus
216 1116 355 1178 viverent
369 1122 399 1177 et
413 1117 443 1177 in
460 1132 607 1193 praesens
621 1125 743 1194 ternpus
763 1118 899 1180 mitiores
913 1133 970 1181 eos
984 1120 1089 1183 iustio-

110 1215 227 1277 resque
241 1207 387 1277 respectu
408 1201 512 1277 populi
526 1201 655 1263 Romani
669 1201 784 1264 habere
798 1218 849 1278 se,
870 1210 901 1264 et
920 1203 947 1264 si
965 1204 1089 1280 quando

41 1350 46 1356 ,
109 1285 224 1346 bellurn
239 1299 308 1346 cunr
323 1285 438 1360 populo
452 1286 590 1348 Romano
604 1285 729 1362 regibus
750 1286 860 1348 luisset
875 1287 954 1359 suis,
976 1288 1089 1349 exitum

111 1369 180 1430 eius
195 1366 352 1430 vintoniam
368 1368 524 1442 Romania,
539 1369 597 1430 sibl
616 1370 784 1431 libertatem
798 1370 969 1431 adlaturum
983 1371 1089 1432 crede·
1161 1384 1163 1387 ·

109 1459 187 1513 rent.
223 1450 335 1513 metalli
355 1466 480 1528 quoque
501 1451 691 1514 Macedonici
719 1453 804 1529 quod
831 1452 940 1528 ingens
961 1453 1091 1529 vectigal

111 1543 187 1608 erat,
202 1535 434 1612 locationesqtle
448 1536 643 1612 praediorum
655 1535 839 1598 rusticorum
855 1537 920 1598 tolli
934 1537 1089 1613 placebat:

111 1635 183 1681 narn
197 1631 298 1696 neque
314 1620 381 1680 sine
396 1618 559 1695 publicano
573 1621 711 1681 exerceri
724 1635 830 1696 posse,
845 1629 876 1682 et
890 1621 941 1681 ubi
956 1620 1090 1697 publica-

111 1719 171 1765 nus
186 1712 280 1776 esset,
299 1703 341 1762 ibi
355 1713 406 1764 aut
425 1704 472 1764 ius
491 1704 645 1780 pubiicum
660 1720 771 1764 vanum
785 1711 838 1764 aut
852 1704 1019 1765 libertatem
1040 1720 1091 1766 so-

110 1787 169 1850 ciis
184 1788 298 1848 nullam
312 1801 393 1847 esse.
413 1803 453 1847 ne
467 1787 553 1864 ipsos
570 1787 692 1864 quidem
704 1787 891 1848 Macedonas
909 1788 990 1848 idem
1003 1803 1090 1848 exer-

113 1885 185 1932 cere
207 1885 317 1947 possea
343 1871 396 1931 ubi
417 1871 447 1930 in
464 1871 564 1934 medio
578 1870 692 1948 praeda
706 1870 983 1932 administrantibus
998 1879 1090 1942 esset,

112 1953 155 2016 lbi
184 1970 349 2032 numquam
378 1969 490 2016 causas
519 1955 702 2018 seditionum
726 1962 757 2015 et
777 1955 949 2016 certaminis
975 1954 1091 2017 delore.

113 2053 275 2100 commune
289 2039 447 2100 consilium
462 2039 562 2115 gentis
576 2045 668 2110 esset,
690 2054 729 2098 ne
742 2038 913 2113 improbum
926 2039 1037 2113 vulgus
1052 2038 1092 2098 ab

8 2135 10 2140 ’
114 2131 225 2184 senatu
237 2123 376 2184 Romano
391 2124 557 2198 aliquando
572 2122 738 2182 libertatem
755 2121 869 2182 salubri
884 2122 1092 2184 moderatione

113 2205 215 2268 datam
230 2206 270 2267 ad
284 2205 435 2266 licentiam
451 2207 641 2282 pestilentem
654 2205 795 2266 traheret.
830 2205 862 2264 in
882 2210 1024 2281 quattuor
1042 2219 1091 2266 re·

113 2290 223 2365 giones
237 2289 370 2350 describi
384 2289 604 2363 Macedoniarn,
619 2296 653 2349 ut
667 2303 757 2349 suum
771 2303 914 2365 quaeque
929 2286 1091 2349 concilium

112 2373 255 2445 haberat,
278 2373 404 2449 placuit3
427 2380 457 2434 et
478 2373 633 2434 dimidium
646 2370 747 2433 tributi
764 2386 855 2448 quarn
869 2371 954 2448 quod
966 2371 1091 2447 regibus

115 2457 196 2517 lerre
210 2455 290 2519 soliti
311 2464 409 2530 erant,
433 2458 548 2533 populo
570 2457 708 2518 Romano
730 2455 876 2532 pendere.
913 2453 1023 2516 similia
1042 2455 1091 2516 hie

112 2547 145 2601 et
161 2542 190 2600 in
206 2541 360 2620 illyricum
375 2541 526 2601 mandata.
549 2548 651 2601 cetera
664 2538 742 2616 ipsis
760 2539 994 2615 imperatoribus
1009 2539 1089 2613 lega-

113 2624 216 2700 tisque
230 2623 343 2695 relicta
359 2624 387 2682 in
404 2623 514 2700 quibus
530 2639 678 2700 praesens
693 2623 831 2685 tractatio
844 2638 946 2684 rerum
961 2620 1091 2683 certiora

114 2706 290 2769 subiectura
303 2713 369 2766 erat
382 2708 518 2768 consilia.

199 2789 277 2850 XIX.
299 2789 380 2848 Inter
394 2791 503 2851 multas
518 2805 624 2866 regum
641 2790 837 2866 gentiumque
857 2796 889 2850 el
908 2787 1092 2866 populorum

114 2873 285 2951 legationes
294 2873 424 2947 Attalus,
440 2874 532 2934 irater
542 2874 624 2950 regis
634 2873 790 2948 Eumenis,
805 2871 935 2932 maxone
944 2871 1094 2931 convertit

114 2958 146 3018 in
164 2973 199 3018 se
214 2957 348 3018 omnium
369 2958 477 3022 oculos
492 2956 683 3032 animosque.
718 2963 865 3032 exceptus
886 2955 966 3015 enim
987 2961 1035 3015 cst
1053 2953 1092 3013 ab

114 3041 173 3112 liis,
189 3041 241 3115 qui
256 3040 345 3102 simul
357 3055 394 3102 eo
406 3041 486 3103 bello
497 3040 708 3115 militaverunt,
722 3040 805 3102 haud
817 3039 908 3115 paulo
921 3037 1092 3115 benignius,

115 3138 207 3200 quam
228 3124 255 3185 si
276 3125 345 3199 ipse
364 3139 421 3186 rex
438 3125 591 3187 Eumenes
613 3123 757 3185 venisset.
802 3123 993 3184 adduxerant
1022 3137 1092 3182 eum

113 3207 236 3268 ducein
251 3208 386 3284 speciem
403 3208 552 3271 honestae
565 3223 628 3286 res,
649 3223 711 3269 una
728 3207 889 3284 gratulatio
905 3206 1092 3269 conveniens

113 3292 144 3351 in
160 3305 197 3352 en
213 3291 357 3366 victoria,
380 3307 470 3368 quern
492 3291 560 3366 ipse
580 3291 764 3362 adiuvisset,
786 3291 881 3353 altera
902 3286 1091 3366 querimonia

113 3372 221 3436 Gallici
234 3376 380 3436 turnultus
394 3381 606 3450 acceptaeque
620 3375 731 3446 cladis,
754 3391 817 3450 qua
835 3389 964 3448 regnum
984 3371 1014 3430 in
1036 3371 1090 3431 du·

113 3456 195 3519 bium
209 3457 375 3522 adductum
389 3466 483 3520 esset.
521 3458 645 3519 suberat
667 3467 698 3520 et
718 3467 836 3518 secreta
850 3471 925 3531 spes
940 3455 1090 3518 honorum
