2598 3956
197 201 261 267 na
372 201 572 263 urennxu.
595 200 792 263 CAP.10.*11.
814 203 1008 274 [aucus

198 369 305 417 caesa:
328 354 420 415 ceteri
435 351 552 415 omisso
567 351 648 413 bello
662 352 693 413 in
709 351 846 412 civitates
858 350 975 428 passim
987 351 1183 429 diffugerunt.
1285 357 1288 366 ⁴

197 439 269 500 inde
292 441 410 514 legatos
432 437 562 514 primum
583 436 623 496 ad
642 450 751 512 pacem
771 435 936 511 petendam
956 435 987 495 in
1006 445 1108 498 castra
1120 439 1183 508 Ro·

196 539 294 599 mana,
312 520 424 582 deinde
440 521 566 582 obsides
582 517 750 595 imperatos
764 519 922 580 miserunt.
944 518 1023 580 haec
1037 535 1106 582 eum
1120 523 1182 586 Ro·

196 623 265 668 mae
276 607 398 681 cognita
414 604 520 667 litteris
537 604 755 680 proconsulum
770 609 885 678 essent,
899 602 929 663 C.
948 603 1092 666 claudius
1108 621 1181 668 con·

197 691 388 765 miseritus,
404 704 443 748 ne
461 689 538 751 lorte
552 703 590 750 ea
603 703 655 748 res
671 687 859 764 provinciam
875 687 1107 764 exercitumque
1122 689 1181 751 sibi

184 775 358 855 adimeret,
374 789 435 834 non
449 774 530 834 votis
545 773 745 848 nuncupatis,
761 787 823 831 non
841 771 995 847 paludatis
1011 769 1182 849 lictoribus,

195 875 257 921 uno
271 857 405 919 omnium
421 858 549 918 certiore
564 856 643 918 iacto
659 856 778 930 collega
792 861 883 916 nocte
897 855 1069 932 proiectus,
1092 871 1180 932 prae·

196 958 271 1018 ceps
286 942 317 1001 in
333 941 523 1018 provinciam
538 939 626 1008 abina
653 939 706 999 ubi
723 936 927 1000 inconsultius
944 954 1036 1015 quam
1053 948 1182 1002 venerat

197 1041 232 1086 se
245 1026 352 1100 gessit.
375 1039 444 1085 nam
461 1039 529 1084 cum
546 1024 687 1085 cendone
703 1024 853 1084 advocata
867 1022 971 1098 lugam
985 1038 1003 1083 e
1018 1024 1126 1086 castris
1141 1025 1178 1086 A.

194 1107 298 1169 Manlii
318 1107 458 1169 adversis
485 1107 610 1168 auribus
632 1105 773 1180 militum,
799 1105 916 1183 quippe
938 1106 989 1182 qui
1009 1106 1098 1183 primi
1118 1107 1180 1185 ipsi

195 1192 356 1269 iugissent,
370 1189 530 1266 iactasset,
546 1198 577 1251 et
592 1191 776 1267 ingessisset
790 1191 906 1266 probra
919 1189 960 1250 Μ.
975 1191 1081 1264 lunio;
1095 1192 1179 1268 quod

195 1292 231 1337 se
243 1276 406 1338 dedecoris
417 1274 536 1336 socium
549 1274 686 1350 collegae
695 1272 830 1349 iecisset,
838 1275 878 1335 ad
884 1280 1054 1335 extremum
1065 1282 1180 1336 utrum·

196 1375 256 1436 que
272 1360 423 1420 decedere
436 1359 595 1435 provincia
608 1357 706 1419 iussit.
730 1358 895 1435 quodcum
910 1358 952 1418 illi
966 1365 1030 1418 tum
1042 1360 1181 1422 consulis

194 1444 323 1520 imperio
338 1441 418 1505 dicto
435 1441 593 1505 audientes
605 1443 723 1505 tuturos
737 1457 808 1502 esse
820 1441 964 1514 dicerent,
972 1457 1046 1503 cum
1056 1442 1083 1504 is
1093 1457 1180 1509 more

195 1529 358 1602 maiorum,
380 1526 550 1587 secundum
566 1534 638 1588 vota
652 1527 682 1585 in
699 1525 847 1603 Capitolio
863 1533 1052 1602 nuncupata,
1067 1527 1178 1588 lictori·

195 1612 253 1672 bus
268 1610 421 1688 paludatis
435 1611 592 1684 proiectus
607 1609 646 1669 ab
660 1609 736 1670 urbe
754 1617 845 1681 esset,
862 1611 965 1670 lurens
980 1608 1026 1670 ira
1036 1616 1177 1672 vocatum

196 1695 248 1770 qui
268 1710 325 1770 pro
348 1700 512 1769 quaestore
528 1692 631 1753 Manlii
649 1700 714 1755 erat
731 1699 855 1754 catenas
875 1693 1034 1770 poposcit,
1055 1694 1180 1756 vinctos

195 1793 230 1839 se
249 1778 366 1839 Iunium
389 1776 596 1852 Manliumque
621 1776 763 1839 minitans
784 1777 913 1838 Romam
935 1777 1110 1839 missurum.
1139 1779 1179 1839 ab

177 1869 232 1922 'eo
255 1876 381 1937 quoque
403 1868 539 1938 spretum
560 1861 697 1923 consulis
712 1860 871 1936 imperium
886 1867 949 1932 est;
971 1869 1003 1922 et
1016 1862 1177 1924 circumlu-

195 1961 249 2006 sus
271 1946 439 2019 exercitus,
462 1945 570 2005 lavens
591 1945 806 2022 imperatorum
825 1958 938 2006 causae
952 1950 983 2005 ct
998 1946 1117 2007 consuli
1133 1947 1177 2006 in·

195 2030 301 2104 festus,
317 2028 435 2089 animos
451 2028 491 2088 ad
505 2043 567 2090 uon
582 2030 751 2105 parendum
768 2028 910 2090 addebat.
939 2033 1095 2104 postremo
1110 2029 1177 2090 lati·

194 2118 282 2188 gatus
301 2113 410 2174 consul
424 2119 455 2174 et
469 2111 661 2174 contumeliis
677 2113 867 2189 singulorum
882 2119 913 2174 ct
925 2111 1123 2175 multitudinis
1135 2147 1178 2164 -·

193 2213 264 2261 uam
279 2197 407 2273 insuper
420 2194 641 2258 irridebanta-
651 2196 806 2273 ludibriis,
827 2213 907 2259 nave
922 2197 1030 2258 eadem
1046 2213 1108 2274 qua
1123 2213 1177 2258 ve·

193 2289 281 2342 nerat
292 2281 465 2357 Aquileiam
485 2279 574 2342 redit.
605 2281 677 2341 inde
692 2281 829 2358 collegae
844 2281 982 2359 scripsit,
1003 2288 1038 2343 ut
1050 2280 1178 2343 militum

193 2380 343 2426 novorum
363 2366 390 2425 ei
411 2365 503 2440 parti,
531 2379 610 2440 quae
632 2362 748 2440 scriptu
768 2365 798 2423 in
819 2363 963 2425 Histriam
988 2365 1176 2440 provinciam

194 2455 285 2521 esset,
300 2448 434 2508 ediceret
445 2445 617 2523 Aquileiam
625 2455 665 2510 -ut
677 2447 861 2524 conveniret,
877 2463 916 2506 ne
928 2445 1002 2522 quid
1012 2462 1049 2508 se
1059 2447 1176 2507 Romae

192 2537 324 2603 teneret,
350 2547 411 2606 quo
434 2532 534 2593 minus
555 2533 635 2592 votis
659 2529 843 2607 nuncupatis
863 2530 1026 2607 paludatus
1044 2528 1083 2589 ab
1098 2530 1176 2592 urbe

193 2614 299 2674 exiret.
327 2614 405 2674 haec
426 2616 562 2691 collegae
583 2615 789 2691 obsequenter
805 2615 904 2688 lacta,
924 2613 1091 2689 brevisque
1107 2613 1175 2675 dies

192 2699 232 2758 ad
248 2697 493 2760 conveniendum
515 2699 615 2760 edicta
629 2706 686 2759 est.
713 2695 858 2760 claudius
873 2711 972 2774 prope
987 2704 1175 2760 consecutus

192 2787 241 2844 est
260 2783 376 2845 litteras
397 2799 482 2845 suas.
513 2783 662 2844 contione*
676 2783 844 2844 adveniens
863 2783 903 2844 de
914 2781 1027 2842 Manlio
1043 2789 1074 2842 et
1087 2781 1173 2844 lunio

191 2865 302 2942 habita,
316 2883 379 2927 non
394 2868 473 2929 ultra
487 2866 620 2928 triduum
631 2872 768 2928 moratus
783 2866 909 2939 Romae,
921 2866 1074 2942 paludatis
1088 2863 1174 2929 licto·

191 2949 286 3022 ribus
302 2951 445 3025 votisque
459 2949 490 3011 in
502 2950 651 3027 capitolio
666 2950 861 3026 nuncupatis,
876 2950 907 3010 in
919 2949 1109 3026 provinciam
1123 2965 1174 3012 ae-

193 3047 254 3107 que
274 3047 311 3094 ac
331 3034 417 3109 prius
437 3034 596 3111 praecipiti
617 3034 771 3097 celeritate
790 3033 861 3094 abit
895 3033 947 3096 Xl.
972 3032 1080 3110 paucis
1103 3039 1174 3096 ante

192 3114 300 3176 diebus
325 3117 431 3178 lunius
451 3117 645 3194 Manliusque
671 3117 817 3195 oppidum
838 3116 1029 3194 Nesactium,
1052 3132 1114 3195 quo
1137 3134 1178 3178 se

191 3198 346 3276 principes
367 3199 539 3264 Histrorum
564 3209 594 3264 et
617 3202 742 3278 regulus
767 3201 836 3280 ipse
856 3202 979 3279 Aepulo
1003 3209 1172 3278 receperat,

192 3300 310 3346 summa
327 3285 359 3345 vi
374 3300 556 3363 oppugnare
577 3292 752 3363 coeperant.
780 3301 818 3348 eo
834 3284 978 3348 claudius
994 3284 1114 3347 duabus
1128 3285 1171 3345 le

191 3368 334 3444 giombus
348 3371 438 3432 novis
454 3369 603 3447 adductis,
617 3378 722 3433 vetere
732 3372 870 3434 exercitu
880 3386 951 3433 cum
963 3369 1029 3433 suis
1041 3367 1173 3431 ducibus

191 3451 334 3528 dimisso,
356 3455 426 3534 ipse
446 3454 594 3534 oppidum
615 3455 812 3519 circumsedit
830 3461 862 3516 et
875 3453 974 3520 vincis
989 3467 1173 3530 oppugnare

1284 3023 1289 3068 1

1282 3085 1289 3270 t
