2570 3952
320 203 876 288 ireaaxtv.car.rs.p.c.1crt
1029 207 1092 274 277
1127 206 1132 214 ‘

115 370 243 420 eausam
257 369 364 416 eorum
377 352 494 416 adiuvit
506 355 546 415 Μ.
561 354 687 418 Porcius
702 357 786 434 cato,
802 359 854 434 qui
865 375 958 438 asper
968 360 1091 442 ingenio

113 447 178 502 tum
198 439 297 500 lenem
318 437 482 514 mitemque
497 444 669 502 senatorem
684 442 754 518 egit
776 459 839 504 non
851 443 983 506 inseram
998 443 1091 508 simu·

114 525 230 587 lacrum
244 519 302 583 viri
317 523 438 600 copiosi
453 537 532 599 quac
552 523 665 592 dixerit
676 525 855 588 referendos
879 527 978 604 ipsius
993 531 1090 592 oratio

114 603 230 682 scripta
244 612 355 682 exstat,
371 605 526 682 Originum
540 606 646 684 quinto
661 607 738 669 libro
752 608 881 674 inclusa.
900 611 1029 675 Rhodiis
1044 629 1091 676 re·

115 707 266 770 sponsum
280 691 322 754 ita
336 689 487 760 redditum
503 697 559 764 est,
578 697 613 774 ut
626 707 683 772 nec
696 689 804 758 hostes
819 693 929 756 flerent
942 711 1000 756 nec
1014 697 1091 757 socii

112 780 336 852 permanerent.
369 771 555 842 Philocrates
576 775 607 840 et
624 776 813 855 Astymedes
834 778 989 854 principes
1009 780 1090 855 lega·

112 857 206 922 donis
227 867 322 920 erant.
344 865 461 933 partem
481 873 550 920 cum
570 856 741 928 Philocrate
760 859 935 923 renuntiare
948 859 1092 926 Rhodum
1175 873 1178 876 ·

112 943 296 1018 legationem
308 941 436 1020 placuit,
461 948 580 1018 partem
600 957 668 1005 eum
689 945 860 1028 Astymede
880 945 997 1008 Romae
1018 945 1091 1008 sub·

113 1027 239 1100 sistere,
261 1041 341 1107 quae
356 1040 436 1106 quae
449 1034 612 1102 agerentur
625 1026 718 1089 sciret
732 1028 940 1105 certioresque
955 1046 1031 1092 suos
1046 1030 1060 1090 l
1079 1063 1091 1073 -

112 1116 206 1196 peret.
222 1110 254 1171 in
268 1109 444 1187 praesentia
458 1109 614 1186 praesidia
629 1111 783 1173 deducere
798 1121 868 1174 ante
882 1121 995 1175 certam
1011 1114 1092 1183 diem

112 1185 153 1266 eir
172 1193 269 1274 Lycia
289 1191 438 1270 Cariaque
457 1194 615 1257 iusserunt
635 1195 818 1278 praetactos.
848 1196 926 1258 haec
945 1196 1092 1259 'Rhodum

112 1275 259 1340 nuntiata.
283 1293 362 1354 quae
381 1292 438 1354 per
457 1293 494 1338 se
514 1277 611 1339 tristia
625 1277 769 1352 luissent,
792 1280 865 1358 quia
882 1281 1007 1341 maioris
1021 1282 1091 1342 mali

112 1363 231 1426 levatus
246 1370 311 1423 erat
324 1362 422 1434 timor,
438 1375 507 1423 cum
518 1361 631 1422 bellum
646 1362 825 1436 timuissent,
840 1363 1031 1440 ingaudium
1043 1381 1091 1425 re·

112 1446 249 1508 nuntiata
269 1451 434 1508 verterunt.
454 1445 559 1520 itaque
581 1445 735 1521 extemplo
757 1461 904 1510 eoronam
917 1445 1023 1524 viginti
1036 1449 1090 1507 mi·

111 1529 185 1592 lium
193 1546 354 1594 aureorum
363 1529 573 1592 decreverunt.
584 1527 778 1612 Theaetetum
785 1528 1091 1606 praelectumolassis

112 1613 144 1684 in
168 1630 236 1676 eam
255 1612 438 1691 legationem
458 1613 616 1675 miserunt.
642 1613 820 1677 societatem
835 1613 1035 1678 ab'Romanis
1050 1617 1093 1677 ita

112 1697 258 1782 volebant
271 1699 343 1776 peti,
365 1703 399 1759 ut
412 1698 527 1760 nullum
543 1696 582 1758 de
597 1711 635 1758 ea
647 1712 683 1758 re
696 1698 805 1760 scitum
818 1699 925 1776 populi
939 1699 1027 1760 tieret
1041 1705 1093 1760 aut

50 1807 54 1810 ¹
112 1781 219 1846 litteris
231 1781 434 1856 mandaretur,
449 1780 534 1858 quod
546 1781 604 1856 nisi
615 1783 820 1864 impetrarent,
832 1783 1092 1859 maiorarepulsa

111 1865 280 1944 ignominia
301 1872 393 1926 esset.
423 1865 571 1941 praelecti
591 1865 701 1930 classis
721 1865 751 1925 id
773 1863 864 1929 unius
885 1872 950 1928 erat
968 1865 1034 1942 ius,
1059 1873 1093 1928 ut

113 1964 206 2032 agere
226 1949 266 2010 de
285 1965 322 2010 ea
341 1964 376 2009 re
397 1948 463 2010 sine
483 1949 642 2024 rogatione
663 1949 726 2010 ulla
745 1949 863 2026 perlata
883 1956 1001 2026 posset.
1020 1967 1092 2012 nam

113 2035 155 2095 ita
170 2047 227 2108 per
240 2039 286 2094 tot
298 2029 397 2094 annos
413 2033 443 2092 in
458 2033 590 2100 amicitia
604 2035 732 2108 rueram,
746 2039 780 2094 ut
793 2033 900 2094 sociali
914 2033 1041 2096 loedere
1057 2051 1092 2096 se

113 2133 183 2178 cum
207 2116 353 2179 Romanis
378 2131 441 2176 non
463 2109 625 2191 illigarent,
653 2118 693 2178 ob
719 2117 832 2178 nullam
854 2119 943 2178 aliam
966 2133 1092 2178 causam

114 2216 207 2282 quam
227 2215 266 2261 ne
285 2215 373 2277 spem
393 2199 516 2274 regibus
532 2200 725 2263 absciderent
739 2201 842 2262 auxilii
857 2201 920 2276 sui,
943 2201 969 2262 si
985 2218 1046 2277 quo
1061 2201 1093 2264 id

114 2301 195 2362 opus
216 2292 308 2359 esset,
331 2297 392 2344 neu
412 2281 470 2344 sibi
491 2282 568 2359 ipsis
589 2284 704 2351 tructus
723 2301 763 2344 ex
782 2285 968 2363 benignitate
985 2293 1015 2346 et
1031 2287 1092 2346 lor-

112 2377 187 2431 tuna
210 2384 316 2444 eorum
341 2365 542 2444 percipiendi.
574 2373 647 2428 tunc
670 2369 776 2444 utique
800 2367 933 2445 petenda
957 2368 1091 2430 societas
1128 2388 1142 2406 =

113 2447 288 2528 videbatur,
314 2467 377 2534 non
399 2467 479 2529 quae
500 2447 629 2512 tutiores
650 2467 706 2515 eos
728 2451 767 2513 ab
788 2453 855 2514 aliis
877 2454 1007 2523 lacerem
1035 2469 1092 2514 nec

113 2537 193 2598 euim
213 2536 359 2598 timebant
384 2551 567 2612 quemquam
593 2544 714 2612 praeter
733 2537 907 2611 Romanos,
933 2536 991 2598 sed
1012 2552 1092 2614 quae

113 2619 191 2697 ipsis
210 2620 358 2682 Romanis
380 2619 480 2680 minus
501 2627 677 2696 suspectos.
703 2619 762 2681 sub
783 2619 865 2681 idem
887 2620 951 2680 iere
971 2626 1091 2696 tempus

113 2711 145 2766 et
172 2702 279 2764 Caunii
300 2702 460 2764 descivere
490 2702 528 2762 ab
553 2703 618 2777 his,
649 2710 681 2764 et
704 2702 899 2780 Mylasenses
924 2703 1091 2766 Euromen-

114 2787 194 2848 sium
219 2784 336 2864 oppida
360 2792 559 2861 occuparunt.
593 2802 655 2846 non
676 2785 718 2846 ita
739 2785 826 2844 tracti
846 2785 938 2844 animi
962 2785 1095 2847 civitatis

113 2877 213 2945 erant,
237 2878 353 2933 utnon
376 2869 538 2942 sentirent,
561 2869 587 2930 si
603 2867 700 2948 Lycia
720 2874 750 2928 et
765 2867 852 2928 Caria
873 2867 1033 2954 ademptae
1054 2869 1093 2930 ab

113 2955 259 3017 Romanis
276 2954 390 3026 forent,
413 2959 515 3014 cetera
529 2959 582 3014 aut
596 2967 631 3014 se
645 2953 713 3028 ipsa
728 2967 785 3028 per
800 2949 1003 3014 defectionem
1017 2949 1093 3014 libe-

112 3047 215 3098 rarent
240 3047 293 3103 aut
320 3056 339 3100 a
365 3037 499 3100 finitimis
521 3043 760 3114 occuparentur,
785 3036 899 3098 includi
918 3052 954 3099 se
974 3035 1093 3102 insulae

113 3136 230 3198 parvae
253 3129 283 3184 et
302 3121 414 3184 sterilis
435 3121 500 3198 agri
519 3121 685 3197 littoribus,
708 3137 788 3201 quae
802 3136 995 3197 nequaquam
1011 3123 1093 3183 alere

112 3212 215 3267 tantae
242 3205 327 3266 urbis
362 3207 509 3282 populum
538 3213 655 3281 posset.
696 3203 793 3268 missa
820 3202 911 3280 igitur
933 3201 1094 3266 'iuventute

112 3305 248 3368 propere
265 3295 295 3349 et
312 3287 457 3364 Caunios,
483 3305 667 3366 quamquam
689 3287 899 3368 Cibyratarum
921 3287 1094 3349 asciverant

115 3372 243 3448 auxilia,
271 3379 438 3450 coegerunt
449 3372 577 3448 imperio
597 3386 723 3451 parere;
754 3375 788 3434 et
805 3371 1000 3452 Mylasenses
1022 3370 1093 3429 Ala-

115 3457 355 3538 bandenosque,
382 3457 436 3536 qui
457 3457 690 3519 Euromensium
707 3452 897 3532 provinciam
919 3456 1095 3531 ademptum
