2570 3952
324 227 439 288 LIBER
449 228 539 288 XLV.
563 229 703 292 CAP.13.
726 237 763 306 [a.
775 237 807 291 C.
824 239 885 306 tas]
1030 233 1093 298 265

109 393 199 442 almeo
215 377 465 454 Cleopatraeque,
481 379 591 454 siquid
608 395 705 454 perse
714 380 788 444 boni
800 383 1013 460 commodique
1021 400 1092 445 eve-

110 464 217 537 nisset,
228 461 260 521 id
270 476 458 536 magnopere
471 469 610 523 senatum
616 463 731 539 laetari,
745 464 947 544 daturumque
955 483 1092 545 operam,

111 556 145 607 ut
158 545 243 620 regni
261 543 310 605 sui
332 546 497 605 maximum
514 561 638 621 semper
658 547 844 623 praesidium
865 551 999 626 positum
1021 567 1093 614 esse

110 631 142 690 in
154 629 217 688 fide
232 628 337 704 populi
350 628 482 690 Romani
502 629 625 690 ducant.
660 646 787 693 munera
806 634 914 710 legatis
934 642 969 695 ut
987 649 1026 695 ex
1047 636 1092 695 in·

111 715 216 774 stituto
237 711 383 773 mittenda
404 719 538 787 curaret,
560 714 591 774 C.
612 713 732 790 Papirio
753 718 886 791 praetori
906 718 1091 779 mandatum.

108 796 228 858 litterae
245 794 359 856 deinde
378 811 396 856 e
416 795 597 858 Macedonia
610 798 745 874 adlatae,
764 815 846 875 quae
865 800 1010 862 victoriae
1031 803 1092 860 lae

109 881 204 942 titiam
222 880 425 954 geminarent=
446 877 561 941 Persea
580 895 685 956 regem
705 881 736 942 in
757 889 939 959 potestatem
956 883 1093 946 consulis

109 978 245 1024 ventsse.

197 1045 338 1106 Dimissis
365 1046 473 1120 legatis
495 1047 696 1123 disceptatum
722 1048 799 1108 inter
819 1049 949 1111 Pisanos
973 1051 1092 1111 Lunen-

110 1145 227 1206 sesque
247 1131 382 1205 legatos,
405 1129 524 1192 Pisanis
551 1132 748 1206 querentibus
774 1148 847 1206 agro
875 1150 910 1194 se
934 1149 954 1194 a
974 1135 1092 1196 colonis

108 1212 257 1275 Romanis
286 1213 367 1287 pelli,
395 1214 589 1276 Lunensibus
615 1214 848 1276 adfirmantibus
878 1233 947 1278 eum
968 1217 1008 1278 de
1029 1234 1093 1294 quo

111 1304 219 1372 agatur
234 1297 272 1357 ab
288 1295 452 1357 triumviris
467 1313 573 1373 agrum
587 1299 647 1358 sibi
658 1297 850 1374 adsignatum
863 1316 945 1361 esse.
967 1308 1093 1361 senatus

111 1382 165 1459 qui
189 1381 229 1441 de
253 1379 365 1440 linibus
387 1387 610 1456 cognoscerent
627 1387 854 1457 statuerantque
872 1383 1094 1459 quinqueviros

111 1464 208 1538 misit,
230 1464 263 1538 Q.
282 1462 409 1526 Fabium
429 1464 598 1524 Buteonem
618 1464 650 1524 P.
677 1463 847 1526 Cornelium
864 1465 1039 1527 Blasionem
1059 1467 1090 1526 T.

113 1548 329 1623 Sempronium
349 1547 487 1608 Muscam
507 1548 540 1608 L.
554 1548 701 1608 Naevium
714 1549 843 1609 Balbum
859 1549 891 1610 C.
904 1551 1093 1626 Appuleium

112 1630 317 1694 Saturninum.
384 1694 388 1704 ,

196 1715 234 1776 Et
247 1715 286 1775 ab
299 1715 436 1778 Eumene
457 1722 487 1776 et
501 1715 541 1776 ab
555 1717 655 1778 Attalo
677 1724 707 1777 et
721 1716 760 1776 ab
775 1716 933 1777 Athenaeo
950 1716 1093 1777 iratribus

113 1799 283 1860 communis
295 1797 407 1874 legatio
423 1800 462 1859 de
476 1799 604 1860 victoria
617 1801 796 1876 gratulatum
810 1801 900 1861 venit.
928 1807 958 1860 et
971 1799 1092 1875 Masga-

114 1885 173 1942 bae
186 1882 456 1956 regisMasinissae
471 1883 542 1954 lilio,
558 1883 691 1944 Puteolis
705 1897 784 1943 nave
801 1898 946 1959 egresso,
967 1890 1094 1960 praesto

18 2027 22 2038 Δ
111 1966 169 2025 fuit
183 1965 303 2026 obviam
317 1964 431 2027 missus
448 1981 515 2026 eum
528 1967 658 2042 pecunia
670 1967 704 2026 L.
719 1966 851 2028 Manlius
866 1975 1020 2042 quaestor,
1031 1966 1093 2042 'qni

111 2050 239 2110 Romam
253 2064 321 2110 eum
336 2050 458 2123 publico
473 2056 598 2125 sumptu
618 2045 809 2126 perduceret.
845 2050 1019 2111 advenienti
1039 2066 1093 2110 ex·
1115 2083 1117 2086 -

115 2133 227 2206 templo
243 2142 368 2194 senatus
384 2134 473 2194 datus
488 2140 544 2194 est.
580 2133 623 2193 ibi
643 2133 827 2193 adolescens
843 2133 884 2193 ita
896 2136 1018 2195 locutus
1034 2139 1090 2203 est,

112 2222 148 2276 ut
163 2230 242 2291 quae
256 2215 349 2277 rebus
360 2224 446 2292 grata
461 2224 555 2289 erant,
576 2215 709 2291 gratiora
725 2215 829 2276 verbis
850 2218 973 2278 iaceret.
1011 2230 1092 2276 com-

112 2300 306 2372 memoravit,
337 2307 413 2376 quot
438 2299 556 2376 pedites
577 2300 773 2375 equitesque,
804 2305 879 2375 quot
903 2299 1094 2373 elephantos,

114 2389 260 2458 quantam
275 2383 414 2444 frumenti
428 2399 466 2446 eo
489 2383 689 2459 quadriennio
710 2390 798 2458 pater
814 2397 890 2443 suus
905 2383 935 2443 in
948 2381 1092 2442 Macedo-

7 2483 9 2488 ’
112 2464 195 2527 niam
208 2466 358 2528 misisset=
378 2468 434 2528 sed
450 2468 528 2529 duas
543 2482 594 2526 res
608 2467 637 2528 ei
651 2467 756 2528 rubori
771 2467 877 2540 luisse,
892 2481 994 2540 unam,
1010 2465 1094 2540 quod
1180 2525 1182 2530 .
1249 2487 1277 2510 ν

113 2557 257 2624 rogasset
277 2565 347 2611 eum
366 2565 423 2626 per
443 2553 560 2626 legatos
581 2557 706 2610 senatus
729 2559 809 2626 quae
819 2549 860 2610 ad
879 2549 991 2611 bellum
1013 2565 1094 2624 opus

114 2641 227 2706 essent,
243 2639 274 2693 et
287 2649 349 2694 non
363 2635 553 2710 imperasset,
569 2635 701 2706 alteram,
716 2634 802 2710 quod
816 2634 978 2709 pecuniam
993 2633 1021 2692 ei
1037 2649 1096 2707 pro

114 2719 265 2776 frumento
281 2714 424 2778 misisset.
459 2717 653 2779 Masinissam
673 2717 849 2778 meminisse
864 2732 991 2792 regnum
1005 2732 1024 2774 a
1038 2731 1093 2790 po-

114 2801 187 2875 pulo
202 2799 341 2860 Romano
355 2808 475 2875 partum
489 2808 673 2876 auctumque
688 2810 718 2862 et
731 2798 960 2876 multiplicatum
971 2799 1095 2870 habere,

113 2899 173 2943 usu
192 2884 279 2960 regni
304 2889 477 2945 contentum
500 2884 580 2944 scire
605 2883 770 2945 dominium
794 2883 892 2944 etius
914 2896 1020 2944 eorum
1041 2880 1095 2956 qui

114 2966 254 3028 dederint
264 2983 345 3028 esse.
381 2983 503 3030 sumere
517 2970 620 3044 itaque
634 2969 770 3037 eosdem,
790 2980 851 3027 non
866 2981 902 3027 se
919 2980 1029 3041 rogare
1043 2980 1095 3024 ae·

116 3065 209 3124 quum
224 3066 305 3125 esse,
327 3067 429 3126 neque
450 3067 552 3113 emere
569 3067 606 3112 aa
621 3065 661 3112 ex
674 3051 822 3114 nuenbus
838 3049 903 3127 agri
916 3050 955 3110 ab
971 3049 1094 3120 sedati,

114 3145 196 3207 quae
208 3133 249 3192 ibi
261 3135 449 3208 proveniant.
471 3136 503 3196 id
514 3134 697 3196 Masinissae
709 3135 784 3196 satis
796 3149 868 3195 essa
880 3140 911 3194 et
922 3135 996 3210 lore,
1011 3131 1094 3208 quod

114 3217 231 3291 populo
256 3217 394 3278 Romano
420 3224 609 3294 superesset.
644 3234 713 3279 eum
733 3216 771 3280 iis
792 3216 941 3278 mandatis
969 3223 1095 3292 epatre

114 3300 286 3374 prolectam
301 3308 412 3374 postea
430 3308 614 3364 consecutos
629 3303 764 3378 equites,
786 3301 838 3377 qui
861 3301 1011 3360 devictam
1031 3298 1094 3356 Ma-

114 3384 275 3445 cedoniam
296 3385 483 3459 nuntiarent,
504 3386 748 3461 gratulatumque
763 3383 882 3446 senatui
897 3382 1037 3443 iuberent
1050 3379 1095 3438 in-

113 3465 218 3529 dicare
233 3475 335 3529 tantae
350 3484 417 3530 eam
432 3485 496 3529 rem
511 3470 640 3530 laetitiae
654 3467 732 3544 patri
746 3484 804 3529 suo
819 3482 900 3539 esse,
921 3472 955 3524 ut
967 3465 1096 3524 Romam
