2598 3956
307 191 422 252 blsslllt
436 189 524 252 xiil.
546 191 629 252 cal).
642 199 741 256 aeas.
762 199 908 268 [aeni]
1040 196 1100 264 tol

118 327 272 404 'oblatam
301 340 428 400 simale
451 341 547 402 meriti
569 342 757 402 clementiam
778 343 884 418 populi
902 344 1032 405 Romani
1048 360 1104 407 ex·

129 425 207 502 perti
226 431 345 495 essent,
371 423 450 483 bene
476 425 621 484 merendo
648 424 856 486 liberalitatem
883 428 1102 503 experirentur.

126 508 253 584 Boeotis
268 506 484 583 exprobratum
496 507 673 568 societatem
683 523 739 569 eos
751 525 818 569 cum
829 508 941 571 Perseo
953 510 1103 574 iunxisse.

129 607 198 651 cum
212 591 334 667 culpam
354 590 385 649 in
407 590 568 650 Ismeniam
588 592 755 666 principem
777 593 901 654 alterius
918 594 1013 670 partis
1029 609 1102 656 con·

126 676 255 752 lerrenl,
270 680 301 735 ct
316 671 464 748 quasdam
481 672 618 734 civitates
634 674 847 736 dissentientes
862 675 892 734 in
909 691 1034 740 causam
1048 679 1102 740 de·

126 758 252 831 ductas,
269 756 475 832 appariturum
490 756 521 816 id
536 770 608 817 esse
621 753 753 817 Marcius
767 759 942 833 respondit:
971 760 1101 836 singulis

127 841 208 901 enim
223 839 394 900 civitatibus
409 840 448 899 de
463 855 498 900 se
512 838 588 915 ipsis
604 839 784 901 consulendi
804 848 985 917 potestatem
1006 844 1101 904 lactu-

125 939 190 986 ros.
214 923 431 985 Thessalorum
445 922 568 982 Larisae
582 923 637 984 luit
653 924 823 984 concillum.
844 923 886 986 ibi
903 931 932 986 et
945 925 1103 988 Thessalis

124 1006 260 1083 benigna
273 1006 398 1066 materia
408 1006 520 1080 gratias
532 1007 643 1080 agendi
654 1006 799 1068 Ronlanis
812 1022 867 1082 pro
880 1006 1026 1070 libertatis
1038 1025 1102 1068 mu-

125 1107 200 1152 nere
214 1089 283 1164 luit,
300 1096 330 1150 et
342 1089 464 1164 legatis,
481 1089 564 1165 quod
579 1097 609 1150 ct
621 1088 751 1166 Philippi
766 1090 851 1166 prius
867 1098 896 1150 el
910 1098 983 1167 post
995 1093 1101 1154 Antio·

126 1174 175 1234 ehi
190 1173 271 1233 bello
287 1173 377 1232 enixe
397 1172 491 1232 adiuti
513 1187 531 1230 a
551 1179 641 1248 gente
663 1171 879 1234 Thessalorum
899 1182 1013 1236 essent.
1042 1175 1103 1236 hoc

125 1263 228 1318 mutua
243 1256 528 1317 commemoratione
542 1256 715 1316 meritorum
727 1256 849 1316 accensi
863 1256 955 1318 animi
969 1258 1100 1320 multitu·

128 1340 208 1402 dinis
223 1340 263 1400 ad
277 1339 380 1402 omnia
394 1338 587 1399 decernenda
599 1355 680 1415 quae
695 1339 824 1400 Romani
838 1338 959 1401 vellent.

212 1423 386 1484 Secundum
401 1422 461 1483 hoe
477 1422 639 1482 concilium
653 1421 743 1496 legati
759 1438 778 1480 a
791 1421 905 1484 Perseo
920 1437 994 1498 rege
1008 1437 1101 1484 vene-

110 1515 208 1581 runt,
228 1506 337 1582 privati
353 1505 483 1566 maxime
499 1504 623 1580 hospitii
645 1504 773 1579 fidncia,
795 1505 878 1579 quod
899 1505 928 1565 ei
942 1514 1101 1582 paternum

126 1606 195 1650 enm
215 1588 330 1650 Marcio
352 1595 426 1650 erat.
455 1589 492 1648 ab
514 1589 604 1650 huius
624 1589 858 1649 necessitudinis
883 1604 1101 1650 commemora-

126 1674 209 1734 tione
227 1673 289 1734 orsi
311 1672 462 1750 petierunt
482 1673 587 1748 legati,
610 1673 639 1732 in
662 1671 849 1748 colloquium
871 1673 1013 1734 veniendi
1035 1673 1100 1749 regi
1193 1720 1195 1728 ,

125 1763 309 1834 potestatem
327 1757 449 1816 laceret.
478 1755 610 1818 Marcius
633 1763 663 1816 et
685 1773 720 1818 se
741 1756 782 1816 ita
802 1771 821 1816 a
841 1765 927 1833 patre
939 1771 996 1820 suo
1012 1771 1100 1816 aece-

126 1841 213 1918 pisse
227 1841 317 1914 dixit,
335 1840 497 1900 amicitiam
511 1839 739 1917 hospitiumque
755 1856 823 1902 curn
836 1839 977 1916 Philippo
993 1841 1100 1902 inisse.

126 1925 249 1985 minime
263 1922 470 1985 immemorem
484 1923 719 1984 necessitudinis
739 1925 807 1985 eius
829 1925 1012 2000 legationem
1032 1937 1100 1986 eam

126 2008 314 2085 suscepisse.
344 2007 543 2082 colloquium,
564 2009 591 2067 si
612 2008 688 2069 satis
711 2008 872 2068 commode
886 2008 1017 2082 valeret,
1038 2022 1099 2068 non

126 2092 224 2152 luisse
239 2107 275 2151 se
295 2091 473 2159 dilatorum;
497 2106 591 2163 nunc,
614 2092 666 2151 nbi
688 2091 818 2167 primum
839 2099 961 2166 posset,
985 2091 1023 2152 ad
1045 2089 1099 2150 Pc-

125 2189 215 2235 neum
228 2173 351 2249 flumen,
369 2190 430 2251 qua
443 2175 586 2234 transitus
601 2174 639 2232 ab
651 2175 791 2234 Homolio
802 2174 889 2235 Dium
904 2181 996 2248 esset,
1011 2188 1099 2249 prae-

127 2259 231 2320 missis
254 2259 305 2335 qui
327 2258 498 2318 nuntiarent
524 2256 604 2332 regi,
633 2262 786 2318 venturos.
830 2255 962 2318 XXXIX.
985 2263 1015 2316 et
1036 2263 1100 2322 tum

127 2341 249 2416 quidem
265 2342 304 2402 ab
319 2341 376 2404 Dio
390 2340 520 2400 Perseus
536 2339 565 2401 in
587 2340 731 2400 interiora
752 2339 837 2416 regni
858 2339 967 2414 recipit
986 2354 1021 2402 se
1037 2338 1099 2398 levi

125 2440 200 2487 aura
217 2425 283 2500 spei
299 2425 432 2497 obiecta,
450 2423 533 2499 quod
547 2423 681 2484 Marcius
695 2423 794 2499 ipsius
809 2438 904 2484 causa
920 2421 1100 2500 suscepisse

125 2523 161 2568 se
175 2508 356 2584 legationem
371 2507 514 2569 dixissem
540 2514 612 2583 post
633 2507 700 2568 dies
715 2522 831 2583 paucos
848 2507 889 2567 ad
904 2505 1100 2567 constitutum

125 2591 226 2652 locum
240 2598 398 2653 venerunt.
426 2605 554 2666 magnus
571 2591 729 2651 comitatus
753 2591 806 2651 luit
819 2590 923 2664 regins
942 2605 1011 2650 cunr
1026 2589 1099 2650 ami-

125 2691 229 2736 corum
244 2682 308 2740 tum
323 2674 483 2736 satellitum
497 2672 585 2734 turba
600 2675 741 2750 stipante.
771 2690 833 2734 non
847 2673 965 2735 minore
980 2673 1100 2747 agmine

125 2759 217 2833 legati
232 2766 380 2820 venerunt
394 2765 423 2818 et
438 2757 476 2818 ab
490 2757 598 2820 Larisa
618 2755 718 2816 multis
740 2756 998 2831 prosequentibus
1013 2763 1044 2814 et
1057 2757 1099 2816 le

123 2841 299 2917 gationibus
314 2841 494 2915 civitatium,
516 2855 596 2916 quae
618 2846 825 2900 convenerant
842 2838 980 2900 Larisam
1003 2844 1032 2896 et
1051 2853 1099 2898 re·

124 2925 264 2986 nuntiare
284 2926 407 2986 domum
429 2930 513 2984 certa
534 2939 614 2998 quae
634 2923 794 2984 audissent
816 2921 967 2984 volebant.
1003 2920 1100 2982 inerat

124 3022 199 3068 eura
212 3007 303 3071 insita
319 3008 497 3069 mortalibus
513 3006 636 3069 videndi
651 3006 884 3082 congredientes
898 3004 1032 3067 nobilem
1050 3019 1099 3065 re-

123 3105 193 3166 gern
209 3098 239 3150 et
249 3092 354 3167 populi
369 3091 517 3166 principis
527 3097 675 3151 terrarum
687 3091 820 3151 omniurn
831 3090 958 3165 legatos.
982 3087 1013 3150 ln
1025 3102 1098 3151 con·

124 3179 236 3248 spectu
248 3180 394 3234 steterunt
408 3173 567 3234 dirimente
581 3173 679 3234 aronis
708 3174 866 3250 paulisper
882 3171 1099 3234 intemuntian-

123 3256 165 3317 do
181 3255 331 3318 cunctatio
347 3257 414 3327 luit,
432 3257 487 3316 otri
498 3255 790 3332 transgrederentur.
816 3255 932 3332 aliquid
943 3255 984 3316 illi
995 3253 1102 3328 regiae

122 3338 287 3414 maiestati,
305 3339 419 3414 aliquid
434 3339 463 3398 hi
476 3340 582 3415 populi
593 3339 723 3402 Romani
734 3339 861 3412 nomini,
878 3354 946 3400 eum
959 3349 1102 3413 praeser-

121 3423 184 3565 timT
192 3422 469 3566 l’LelrvsIessrAergegsset
483 3423 678 3500 colloquium,
694 3422 907 3565 existimabtfft
922 3418 1036 3480 deberi.
1053 3416 1100 3478 io-
