2570 3952
277 233 474 294 EPITOMAE
488 185 693 296 LIBRORUM
708 234 939 296 CXXX-CXL.
1035 233 1097 296 319

170 381 256 428 CXXX.
272 382 303 425 Μ.
318 383 426 424 Antonius
441 383 492 424 dum
507 395 555 426 eum
570 383 688 438 Cleopatra
702 386 858 436 luxuriaretur,
873 381 937 426 tarde
953 381 1049 424 Mediam
1063 383 1096 424 lu·

115 445 206 488 gressus
225 434 308 478 beilum
323 448 372 478 oum
391 437 517 489 legionibus
530 438 606 479 decem
626 442 649 480 ei
662 443 713 481 octo
728 444 751 482 ei
765 439 877 482 sexdecim
892 437 982 478 milibus
997 437 1095 490 equitum

116 489 204 530 Parthis
217 489 305 540 intulitr
321 492 345 531 et
359 502 408 532 enm
423 490 509 532 duabus
524 491 648 544 legionibus
662 495 758 544 amissis,
774 492 837 535 nulla
848 503 872 534 re
883 501 990 545 prospere
1002 491 1095 532 cedente

115 547 174 584 retro
188 544 280 595 rediret,
294 545 400 585 insecutis
414 545 508 587 subinde
522 545 617 596 Parthis,
632 549 655 586 et
668 548 754 600 ingenti
767 546 917 598 trepidatione
930 548 953 587 ei
967 555 1047 600 magno
1062 549 1094 585 to-

115 599 160 638 tius
174 599 285 639 exercitus
297 600 397 652 periculo
410 599 433 640 ia
448 599 571 641 Armeniam
585 609 690 652 reversus
704 604 751 652 est,
766 601 845 653 viginti
860 601 883 640 et
897 611 941 640 uno
956 599 1036 640 diebus
1051 602 1093 641 ire-

114 655 179 693 eenia
196 652 257 693 milia
275 652 327 705 luga
345 663 456 697 emensus.
476 654 536 694 eirea
554 657 604 694 octo
624 654 685 695 mille
698 651 812 696 hominum
826 653 995 706 imperialibus
1009 653 1092 698 amisii.

114 709 260 760 tempestaies
273 716 362 758 quoqne
375 706 469 748 inientes
487 717 554 761 super
572 710 617 749 iam
631 706 751 750 intelieiter
765 711 892 762 susceptum
907 705 1033 752 Parthicum
1047 707 1094 748 bei·

114 759 159 800 lum
174 759 208 800 cul
226 769 239 800 a
245 769 387 854 t:uatpsssua
402 763 444 811 esi,
459 762 512 813 qula
525 760 621 802 hiemare
640 763 662 802 in
677 763 781 804 Armenia
795 761 898 810 nolebat,
921 760 972 801 dum
987 762 1015 802 sd
1029 761 1093 803 Cleo-

112 816 198 866 patram
220 823 244 854 es
263 825 308 855 ua.

168 867 266 910 cxxiii.
279 866 334 908 Sex.
348 867 467 922 Pompeius
481 880 528 910 eum
544 869 567 910 in
581 868 646 911 iidem
661 871 692 912 Μ.
707 871 795 912 Antonii
810 869 903 922 veniret,
917 870 1001 914 bellum
1015 869 1093 912 adver-

113 930 152 961 sus
166 933 215 962 eum
229 921 252 962 in
266 923 320 964 Asia
334 922 438 973 moilens,
454 933 575 976 oppressus
590 936 602 965 a
618 923 698 976 legatis
712 924 760 968 eius
773 924 862 966 occisus
876 927 917 966 eet.
939 925 1021 966 Caesar
1035 923 1093 965 sedi·

113 975 197 1016 tionem
213 977 367 1018 veteranorum
387 987 436 1018 eum
455 989 534 1030 magna
552 978 651 1031 pernicie
670 980 754 1020 motam
765 977 873 1029 inhibuit;
893 978 989 1032 lapydas
1003 981 1026 1019 et
1039 977 1093 1018 Dei·

113 1033 184 1071 maias
198 1032 221 1070 ei
232 1029 360 1071 Pannonios
374 1030 470 1083 subegit.
486 1032 749 1074 AnioninsAriasasdem
760 1032 876 1074 Arueniae
882 1042 965 1085 regem,
979 1031 1024 1074 dde
1039 1031 1092 1073 data

112 1082 251 1136 perductum,
265 1083 288 1124 in
296 1083 384 1125 vincula
391 1085 461 1126 eoniei
472 1085 544 1133 iussit,
555 1096 692 1139 regnumque
703 1089 820 1128 merenies
830 1079 876 1128 lilio
887 1095 927 1127 suo
937 1099 966 1129 ex
974 1087 1093 1141 Cleopatra

112 1141 165 1178 neto
179 1136 248 1186 dedii,
264 1147 329 1190 quam
343 1139 420 1180 uxoria
430 1139 487 1188 loeo,
502 1139 637 1192 iampridem
649 1142 808 1193 capturamore
818 1141 874 1192 elus,
889 1138 1092 1194 habereeoeperet.

166 1190 274 1237 cxxxii.
291 1192 372 1235 Caesar
386 1193 408 1232 in
421 1191 510 1244 illyrico
518 1192 634 1234 Dalmatas
647 1194 740 1238 domuit.
756 1206 805 1236 oum
820 1194 852 1238 Μ.
867 1195 976 1236 Antonius
990 1195 1019 1235 ob
1034 1206 1089 1234 amo

112 1255 158 1286 rem
173 1246 317 1297 Cleopatrae,
338 1257 366 1286 ex
381 1255 426 1298 qua
439 1245 495 1288 duos
509 1245 567 1286 illios
580 1246 687 1298 habebat,
708 1244 879 1301 Philadelphum
894 1251 917 1289 ei
930 1247 1089 1298 Alexandrum,

32 1305 34 1309 ’
112 1310 185 1352 neque
199 1300 225 1340 'in
245 1299 321 1340 urbem
342 1298 417 1340 venire
436 1298 506 1340 veliet
528 1310 600 1352 neque
618 1301 680 1344 tlniio
694 1303 845 1343 triumviratus
863 1303 963 1355 tempore
977 1302 1090 1354 imperium

112 1353 231 1406 deponere,
247 1351 375 1406 bellumque
388 1352 508 1402 moliretur,
524 1355 583 1406 quod
597 1355 647 1396 urbi
661 1358 683 1397 ei
697 1355 774 1396 ltaliae
788 1355 892 1406 interret,
907 1355 1033 1407 ingentibus
1048 1359 1092 1396 tam

112 1407 230 1448 navalibus
244 1416 309 1458 qnam
328 1407 472 1448 terrestribus
493 1408 564 1460 copiis
581 1408 609 1449 ob
624 1407 668 1449 hoe
682 1410 814 1458 contractis,
833 1409 971 1461 remissoque
986 1407 1092 1450 octaviae

111 1461 183 1504 sorori
204 1460 308 1503 Caesaris
327 1458 432 1515 repudio,
454 1461 535 1504 Caesar
553 1460 576 1501 in
596 1461 688 1516 Epirum
709 1473 758 1504 cnm
779 1461 876 1504 exercitu
890 1463 985 1508 traiecit.
1004 1473 1087 1516 pugnas

113 1514 194 1557 deinde
209 1514 300 1555 navales
314 1517 337 1556 et
350 1515 437 1569 proelia
451 1516 564 1567 equestria
577 1515 676 1561 seeuade
690 1516 793 1559 Caesaris
807 1515 941 1562 reseruntur.

166 1566 282 1612 cxxxiii.
301 1568 333 1609 lli.
347 1568 458 1610 Antonius
476 1568 504 1610 ed
519 1569 606 1611 Aetium
625 1570 698 1612 elaeae
718 1571 790 1611 victus
804 1569 967 1612 Alexandream
981 1569 1091 1622 profugii,

111 1624 264 1676 obsessusque
278 1623 394 1665 aCaesare
409 1625 431 1664 in
448 1624 525 1666 ultima
539 1625 782 1678 rerumdesperaiione,
797 1625 918 1678 praecipue
927 1623 1015 1665 occisae
1026 1623 1081 1665 Cleo

111 1680 189 1732 petrae
203 1676 261 1720 iaiao
274 1687 362 1719 rumore
376 1677 493 1730 impulsus,
508 1687 533 1718 se
547 1679 595 1730 ipse
609 1678 729 1724 interiecit.
745 1678 828 1721 caesar
840 1677 981 1720 Alexandrea
994 1677 1016 1718 ln
1028 1679 1087 1731 pote

111 1734 191 1774 statem
205 1730 303 1781 redacta,
318 1731 445 1785 Cleopatra,
461 1744 488 1773 ne
503 1733 525 1772 in
539 1732 653 1774 arbitrium
667 1733 760 1776 victoris
774 1732 867 1782 veniret,
882 1732 1008 1776 voluntaria
1022 1733 1091 1772 morie

112 1785 226 1835 (teloneis,
243 1786 265 1826 in
279 1785 355 1826 urbem
369 1794 473 1828 reversus
488 1788 534 1826 tree
547 1785 672 1840 triumphos
686 1788 743 1840 egli,
759 1797 826 1828 unum
841 1797 869 1826 ex
884 1786 980 1839 illyrico,
996 1783 1091 1826 alterum

111 1851 140 1881 ex
154 1841 245 1880 Actiaca
258 1840 358 1892 viatoris,
374 1840 463 1881 teritum
477 1837 507 1880 lie
517 1837 644 1894 Cleopatra,
658 1840 762 1894 imposito
776 1840 819 1882 tine
834 1839 938 1883 civilibus
946 1838 1013 1880 bellis
1020 1839 1091 1880 altero

112 1897 135 1934 ei
148 1894 256 1946 vigesimo
271 1904 336 1936 anno.
353 1893 383 1934 Μ.
395 1894 494 1947 Lepidus
501 1893 586 1947 Lepidi,
602 1895 639 1946 qui
655 1895 757 1935 triumvir
765 1893 843 1943 iuerat,
858 1890 925 1944 illins,
940 1893 1092 1936 coniuratione

112 1946 222 1990 adsersus
237 1949 353 1991 Caesarem
367 1946 426 1988 iacta
439 1947 523 1989 bellum
537 1948 638 1998 moliens,
654 1959 777 2002 oppressus
791 1952 814 1990 et
827 1948 915 1989 occisus
930 1950 973 1992 est.

165 2000 281 2043 cxxxiv.
297 2001 379 2042 Caesar
393 2002 460 2042 rebus
474 2002 611 2054 compositis,
627 2004 650 2043 et
663 2003 765 2044 omnibus
778 2003 901 2056 provinciis
914 2002 937 2043 in
954 2003 1035 2046 ceriam
1047 2001 1090 2042 ior·

111 2067 168 2096 mam
182 2053 278 2096 redactis
293 2058 406 2107 Augustus
421 2066 510 2108 quoque
528 2056 694 2108 cognominatus
709 2061 755 2106 esti
774 2061 797 2098 ei
810 2057 893 2098 mensis
906 2055 1001 2098 Sextilis
1015 2057 1037 2096 in
1051 2054 1090 2095 ho·

112 2120 187 2150 norem
206 2111 254 2150 elus
273 2109 401 2163 appellatus
415 2113 458 2154 est.
478 2121 528 2150 eum
544 2109 584 2151 ilie
598 2114 730 2152 conventum
749 2111 855 2153 Narbone
874 2113 963 2162 egeret,
983 2118 1091 2152 senense

112 2163 182 2205 tribus
198 2161 286 2213 Galliis,
301 2172 358 2215 quas
371 2162 454 2205 Caesar
467 2166 532 2217 pater
545 2165 642 2214 vicerat,
655 2167 727 2208 aetus.
749 2164 832 2206 bellum
846 2162 955 2206 adversus
969 2162 1091 2204 Basternae

111 2221 134 2259 et
148 2218 237 2259 liioesos
251 2220 273 2257 ei
287 2217 344 2258 alias
358 2219 437 2270 gentes
451 2229 464 2259 a
478 2217 509 2260 Μ.
524 2216 605 2260 Crasso
620 2223 705 2270 gestum
721 2219 824 2260 retertur.

147 2319 150 2322 ,
167 2271 273 2315 CXXXV.
295 2270 383 2312 Bellum
397 2282 411 2312 a
425 2272 456 2312 Μ.
472 2272 553 2314 Crasso
572 2270 680 2314 adversus
694 2271 791 2314 Thracas
809 2274 833 2312 et
847 2282 861 2311 a
875 2271 970 2314 Caesare
983 2269 1092 2314 adversus

111 2327 221 2380 Hispanos
235 2327 322 2376 gestum
336 2324 438 2373 retertur,
454 2328 476 2366 ei
491 2323 584 2376 Salassi,
600 2337 654 2377 gens
668 2325 755 2378 Alpina,
770 2325 898 2380 perdomiti.

167 2378 284 2424 CXXXVI.
297 2377 376 2422 Raetia
387 2392 401 2420 a
409 2379 442 2420 Ti.
450 2379 540 2420 Nerone
551 2379 655 2421 eiDruso
663 2379 766 2422 Caesada
772 2378 881 2434 privignis
889 2377 978 2420 domlta.
993 2376 1092 2431 Agrippa

111 2435 213 2477 Caeearis
226 2443 296 2488 gener
309 2437 416 2483 mortuus,
432 2436 455 2475 et
468 2445 481 2474 a
495 2432 569 2474 Druso
584 2443 666 2476 census
679 2435 744 2476 aetus
757 2437 800 2477 eet.

166 2487 291 2531 cxxxvii.
318 2487 426 2530 Civitates
446 2487 578 2529 Germaniae
597 2489 629 2529 cis
648 2485 748 2530 Rhenum
767 2491 790 2529 et
801 2492 864 2530 irena
882 2485 982 2529 Rhenum
1003 2485 1093 2540 positae

110 2545 265 2597 oppugnantur
278 2553 293 2582 a
306 2542 394 2593 Drosoi
413 2543 437 2582 ei
450 2541 571 2592 tumuitus,
594 2542 632 2594 qni
651 2543 679 2583 ob
698 2553 790 2584 censum
804 2545 897 2584 exortus
911 2543 933 2584 iu
948 2539 1023 2583 Gallia
1036 2543 1091 2590 eret,

110 2599 258 2692 3⁰?p⁰⁸nu2³³
265 2607 316 2692 cara¹
329 2596 420 2691 fiaesvar=
433 2594 712 2691 ιᾱάωἷιαὸιεῖξοηιΑΑέπΙι
727 2600 750 2638 et
763 2595 865 2638 Rhodani
881 2593 997 2646 dedicata,
1017 2604 1090 2635 sacer-

126 2662 250 2693 oeereso
284 2661 362 2691 .uo
396 2661 462 2690 eoru
480 2661 503 2692 er
548 2662 599 2691 uo
633 2662 699 2692 euo.

165 2703 302 2746 cxxxviii.
316 2701 412 2743 Thraces
431 2703 508 2745 domiti
526 2715 540 2744 a
553 2704 579 2748 i..
595 2704 688 2754 Pisonem
708 2704 761 2746 item
776 2703 883 2748 Cherusci
897 2705 998 2745 Tencteri
1015 2699 1090 2745 Chatti

109 2759 213 2809 aliaeque
233 2755 391 2797 Germanorum
408 2759 471 2798 trans
491 2756 592 2800 Rhenum
611 2763 690 2810 gentes
708 2760 814 2799 subaciee
834 2769 848 2798 a
865 2756 941 2798 Druso
954 2755 1090 2798 reieruntur.

110 2813 205 2855 Octavia
224 2819 289 2852 soror
303 2811 397 2862 Augusti
411 2809 526 2860 defuncta,
548 2813 614 2852 antea
627 2813 708 2853 amisso
722 2811 768 2852 filio
781 2813 813 2855 Μ.
829 2809 948 2860 llareeiloq
969 2811 1032 2850 euius
1046 2819 1089 2848 mo-

109 2862 908 2971 ¹¹⁰³¹ii²xiii‘imbuturumiiiiiiriiiiiiiu...
922 2919 1008 2970 ...m
1023 2915 1091 2957 ...f

110 2979 158 3024 tur,
180 2974 202 3016 ln
239 2985 267 3014 uo
285 2974 343 3015 inter
361 2973 471 3027 primores
488 2977 643 3027 pugnaverunt
656 2971 774 3014 Seneutius
789 2974 812 3012 ei
826 2973 932 3014 Auectius
947 2969 1041 3021 tribuni,
1063 2981 1091 3011 ex

110 3029 200 3070 civitate
237 3027 353 3069 erviorum.
374 3026 491 3070 Dalmatas
505 3031 528 3068 et
542 3027 669 3068 Pannonios
684 3026 745 3068 Nero
765 3025 834 3067 irater
847 3026 915 3068 Drusi
929 3027 1026 3078 subegit.
1046 3035 1091 3078 pax

111 3094 159 3123 curn
174 3081 262 3123 Peribis
276 3081 339 3122 lecta
350 3085 397 3130 esi,
414 3083 484 3134 signis
498 3093 511 3122 a
525 3092 576 3134 rege
591 3092 679 3132 eorum,
696 3091 752 3133 quae
767 3081 808 3123 sub
825 3080 905 3123 Crasso
920 3083 942 3121 et
955 3082 1034 3134 postea
1049 3079 1090 3122 sub

109 3137 207 3178 Antonio
222 3139 286 3187 sapia
300 3139 370 3186 erent,
385 3135 487 3180 redditis.

165 3189 228 3232 CXL.
249 3187 336 3230 Bellum
359 3189 467 3230 adsersus
483 3191 640 3232 Germanorum
658 3192 722 3230 trans
734 3187 835 3230 Rhenum
858 3189 961 3230 civitates
976 3190 1062 3238 gestum
1078 3197 1091 3226 e

110 3243 185 3283 Druso
199 3242 301 3283 retertur.
316 3243 366 3295 ipse
379 3255 408 3284 ex
422 3242 519 3286 tractura
533 3254 591 3296 equo
605 3253 674 3296 super
687 3252 739 3284 crue
753 3243 801 3284 eius
816 3243 916 3296 collapso
928 3241 1040 3283 tricesimo
1055 3238 1092 3278 die

110 3307 176 3349 qnam
190 3295 215 3337 id
227 3295 339 3337 acciderat
353 3300 450 3337 mortuns
464 3300 505 3338 est.
527 3308 608 3352 eorpus
627 3309 641 3338 a
655 3297 745 3338 Nerone
760 3296 838 3346 fratre,
860 3295 899 3348 qui
913 3295 990 3336 nunilo
1005 3292 1089 3334 valetu-

109 3351 169 3392 dinis
190 3353 296 3391 evoeaius
315 3350 396 3402 rspiim
410 3353 547 3402 accurreret,
570 3351 662 3394 Romem
675 3354 805 3404 pervectum
820 3354 842 3393 ei
861 3350 883 3390 in
899 3349 925 3392 C.
941 3348 991 3390 iuiii
1005 3346 1092 3386 tumulo

110 3403 360 3500 {orditumdffldatus
375 3405 409 3446 eat
423 3415 436 3444 a
452 3403 547 3446 Caesare
561 3409 661 3458 Augusto
675 3404 766 3456 vitrico,
787 3407 809 3446 ei
828 3403 939 3457 supremis
954 3402 1002 3442 eius
1015 3400 1093 3453 piures

126 3469 233 3502 onorosa
273 3461 300 3504 t.

515 3593 684 3602 ---——.—
