2598 3956
189 210 232 275 84
320 233 322 241 ⁴
368 209 556 272 Littttttxt.
579 209 776 272 causato.
797 213 993 282 mutarat

190 370 243 424 aut
257 361 418 423 adfirmare
432 360 521 421 nobis
536 369 635 436 potes,
654 367 684 420 ct
697 359 870 421 habendum
885 359 945 421 illic
960 361 1066 438 utique
1082 377 1169 422 exer

190 448 281 508 citum
303 460 429 518 censes,
449 453 550 505 utrum
568 444 691 505 tandem
711 449 818 504 auctor
839 444 958 505 senatui
979 445 1023 505 sis
1044 448 1169 522 supple·

190 537 324 591 mentum
337 529 368 589 in
379 527 559 604 Hispaniam
572 527 717 600 mittendi,
733 535 767 590 ut
779 526 800 586 ii
814 529 907 589 modo
923 527 1035 604 quibus
1046 531 1170 591 emerita

190 612 344 689 stipendia
357 612 419 674 sint
431 611 541 674 milites
557 612 750 686 dimittantur,
771 611 925 673 veteribus
940 611 1083 674 militibus
1097 613 1170 675 tiro·

189 713 245 758 nes
260 697 500 770 immisceamur,
521 711 561 756 an
577 695 717 756 deductis
731 694 770 755 de
785 693 944 770 provincia
957 695 1112 758 veteribus
1127 699 1167 757 te

188 779 333 857 gionibus
344 795 443 841 novas
456 779 671 841 conscribendi
682 785 712 839 ct
723 777 867 854 mittendi,
883 794 951 839 cum
963 787 1169 856 contemptum

187 865 359 926 tirocinium
379 861 470 925 etlam
490 863 626 924 mitiores
646 861 796 924 barbaros
814 863 948 924 excitare
962 863 1003 924 ati
1016 862 1167 926 rebellari·
1283 855 1285 938 J

190 950 262 1009 dum
282 948 406 1024 possut
428 945 511 1008 dictu
532 963 623 1022 quam
643 961 679 1007 re
697 941 815 1008 lucilius
829 945 869 1008 sit
881 947 1070 1023 provinciam
1085 948 1169 1023 inge·
1256 1016 1260 1022 ,
1284 955 1285 982 ³

190 1033 240 1094 nio
263 1033 413 1105 ferocem,
436 1030 657 1091 rebellatricem
673 1028 855 1091 coniecisse.
886 1046 1005 1107 paucae
1020 1029 1168 1104 civitatee,

186 1123 220 1177 ut
234 1115 359 1191 quidem
374 1130 432 1191 ego
448 1114 549 1188 audio,
566 1130 644 1190 quas
659 1113 759 1174 vicina
769 1114 901 1174 maxime
911 1113 1039 1175 hiberna
1049 1129 1168 1191 preme·

187 1199 274 1272 bant,
301 1197 333 1259 in
353 1199 401 1260 ius
423 1199 638 1274 dicionemque
657 1204 822 1266 venerunt;
848 1195 1009 1259 ulteriores
1030 1197 1060 1258 in
1076 1198 1168 1258 armis

187 1289 266 1344 sunt.
296 1296 465 1358 quaecum
487 1281 528 1343 ita
549 1281 623 1354 sint,
646 1297 704 1358 ego
721 1280 781 1341 iam
795 1280 867 1342 irinc
881 1281 1042 1357 praedico,
1064 1287 1168 1359 patres

187 1367 368 1442 conscripti,
391 1381 440 1426 me
461 1365 597 1427 exercitu
611 1381 664 1438 eo,
689 1364 741 1441 qui
756 1379 838 1426 nunc
854 1372 915 1436 est,
935 1364 1168 1441 rempublicam
1283 1361 1285 1448 J

187 1449 481 1512 administraturum:
501 1448 528 1510 si
539 1450 786 1511 deducatsecum
797 1448 926 1510 Flaccus
938 1448 1086 1524 legiones,
1098 1449 1168 1510 loca
1284 1483 1285 1540 3

186 1540 297 1609 pacata
309 1549 359 1594 me
374 1534 413 1594 ad
426 1531 625 1593 hibernacula
635 1534 792 1606 lecturum,
808 1548 909 1608 neque
920 1548 1034 1594 novum
1045 1532 1168 1594 militem

186 1616 379 1679 ferocissimo
398 1615 480 1676 hosti
501 1616 719 1677 obiecturum.“
753 1615 886 1676 XXXVI.
919 1617 1038 1691 legatus
1060 1616 1098 1677 ad
1119 1631 1166 1690 ea,

186 1715 267 1776 quae
283 1701 487 1776 interrogatus
501 1706 581 1775 erat,
602 1699 764 1774 respondit
778 1715 879 1775 neque
894 1714 1046 1776 seneque
1061 1715 1166 1777 quern·

186 1800 278 1860 quarn
293 1781 385 1845 alium
396 1783 536 1844 divinare
550 1798 656 1859 posse,
671 1784 745 1860 qnid
762 1785 792 1844 in
807 1783 907 1845 animo
920 1783 1060 1846 Celtiberi
1073 1783 1167 1845 habe·

134 1872 135 1876 ’
185 1877 254 1932 rent
275 1876 328 1930 aut
342 1884 435 1945 porro
451 1867 582 1928 babituri
597 1874 711 1928 essent.
740 1867 843 1944 itaque
857 1883 970 1944 negare
986 1884 1048 1928 nou
1062 1883 1168 1944 posse,

189 1952 261 2026 quin
276 1953 390 2013 rectius
405 1950 445 2012 sit
459 1951 549 2012 etiarn
563 1946 603 2012 ad
616 1958 744 2027 pacatos
759 1950 925 2026 barbaros
940 1950 1077 2014 nondum
1092 1952 1167 2012 satis

186 2035 332 2097 adsuetos
346 2035 492 2112 imperio,
505 2033 672 2096 exercitum
687 2036 770 2097 mitti.
798 2051 881 2096 novo
894 2041 996 2096 autem
1010 2050 1049 2097 an
1063 2042 1169 2096 vetere

185 2120 322 2180 exercitu
343 2137 422 2197 opus
444 2118 498 2193 sit,
520 2119 587 2178 eius
602 2133 674 2181 esse
689 2120 792 2182 dicere
807 2117 860 2195 qui
875 2118 954 2179 scire
968 2119 1082 2194 possit,
1105 2135 1169 2195 qua

185 2202 247 2263 ilde
262 2204 402 2266 Celtiberi
422 2205 452 2265 in
471 2218 549 2279 pace
562 2203 698 2263 mansuri
714 2202 789 2277 sint,
811 2202 901 2263 simul
916 2203 1010 2278 etqui
1025 2203 1099 2264 illud
1113 2218 1167 2263 ex·

184 2287 337 2361 ploratum
350 2287 472 2361 habeat,
488 2286 645 2363 quieturos
660 2286 779 2358 milites,
794 2285 821 2346 si
837 2285 949 2348 diutius
963 2287 994 2348 in
1009 2287 1168 2364 provincia

183 2372 379 2433 retineantur.
401 2372 428 2432 si
443 2386 543 2442 exeo,
560 2369 644 2444 quod
657 2377 710 2431 aut
724 2370 801 2431 inter
812 2373 851 2430 ‘se
860 2370 1024 2446 loquantur
1035 2378 1087 2432 aut
1097 2385 1166 2432 suc

185 2453 416 2515 clamationibus
427 2453 510 2529 apud
523 2452 749 2515 contionantem
759 2454 974 2530 imperatorem
985 2453 1166 2530 significent,

187 2537 261 2611 quid
281 2537 413 2598 sentiant
434 2536 667 2597 coniectandum
687 2536 742 2613 sit,
764 2536 867 2614 palam
886 2539 1073 2600 vociferatos
1094 2551 1167 2599 esse

184 2625 237 2680 aut
256 2621 471 2696 imperatorem
491 2620 521 2679 in
542 2619 703 2696 provincia
722 2627 896 2683 retenturos
917 2629 970 2683 aut
989 2638 1059 2683 curn
1080 2636 1118 2682 eo
1135 2621 1167 2682 in
1281 2645 1282 2714 ἐ

182 2703 300 2764 ltaliam
323 2711 471 2766 venturos
496 2719 577 2766 esse.
613 2704 866 2781 disceptationem
891 2705 970 2767 inter
993 2712 1167 2781 praetorem
1281 2717 1282 2784 ζ

183 2787 378 2870 legatumque
400 2788 562 2850 consulum
583 2788 689 2851 relatio
710 2788 884 2866 interrupit,
907 2789 959 2865 qui
974 2805 1049 2851 suas
1064 2787 1168 2850 ornari

183 2871 369 2945 provincias,
385 2870 565 2949 priusquam
580 2872 619 2933 de
630 2874 782 2948 praetoris
797 2872 935 2935 exercitu
949 2879 1099 2950 ageretur,
1115 2889 1166 2934 ae—

183 2969 277 3028 quum
298 2956 474 3018 censebant.
507 2972 607 3019 novus
630 2959 728 3020 omnis
750 2956 903 3019 exercitus
924 2956 1104 3020 consulibus
1118 2965 1168 3018 est

183 3036 340 3111 decretus,
360 3037 453 3101 binae
472 3039 610 3115 legiones
624 3040 781 3102 Romanae
801 3057 870 3102 oum
890 3057 949 3104 suo
964 3041 1114 3117 equitatu,
1136 3049 1168 3103 et

183 3119 301 3181 socium
314 3121 414 3184 Latini
427 3122 558 3186 nominis
573 3131 706 3200 quantus
720 3140 843 3202 semper
857 3141 1017 3199 numerus,
1037 3125 1165 3201 quinde-

183 3204 242 3264 cim
256 3203 339 3268 milia
351 3205 487 3284 peditum
501 3215 532 3270 et
545 3207 710 3283 octingenti
725 3209 852 3285 equites.
877 3223 947 3271 cunt
957 3209 1017 3270 boc
1029 3206 1167 3270 exercitu

184 3287 324 3363 Apuanis
337 3289 501 3366 Liguribus
522 3297 555 3353 ut
573 3292 686 3352 bellum
706 3292 852 3354 inferrent
864 3293 1041 3354 mandatum
1054 3299 1111 3354 est.
1133 3291 1167 3352 P.
1279 3315 1280 3320 ¹

183 3372 324 3434 cornelio
341 3373 420 3436 etbl.
431 3373 547 3436 Baebio
563 3384 760 3452 prorogatum
770 3376 930 3452 imperium
943 3376 1082 3452 iussique
1092 3390 1165 3452 pro·

183 3456 301 3518 vincias
317 3458 470 3531 obtinere,
485 3461 586 3522 donec
600 3461 745 3522 consules
761 3461 933 3533 venissent;
955 3467 1019 3526 tum
1034 3459 1167 3537 impera·
