2598 3956
266 195 267 198 Ὺ
349 235 552 298 umanum.
576 235 658 296 cnr.
674 245 774 300 mae.
797 244 953 312 noum
1078 239 1139 304 123

158 385 253 462 iestis,
270 387 426 447 oraculum
441 384 579 447 aditurus
589 386 726 463 Delphos
742 390 889 450 escendit.
911 405 979 451 cum
994 393 1024 452 in
1039 394 1140 456 media

157 477 284 547 repente
300 469 428 530 Graecia
442 471 645 546 apparuisset,
661 487 805 547 magnum
820 490 881 534 non
896 475 1030 537 finitimis
1045 477 1138 538 modo

156 555 285 616 urbibus
297 561 443 616 terrorem
455 553 604 629 praebuit,
616 555 673 616 sed
684 555 715 615 in
726 556 833 616 Asiam
846 575 970 634 quoque
983 561 1022 620 ad
1033 575 1138 634 regem

155 639 313 699 Eumenen
328 635 424 698 nuntii
439 637 617 700 tumultuosi
631 639 726 700 missi.
749 639 890 718 triduum,
906 659 967 704 non
981 645 1052 718 plus
1066 645 1137 704 Det·

112 777 115 780 ,
154 723 227 799 phis
247 728 398 795 moratus,
424 736 482 798 per
499 721 701 784 Phthiotidem
721 723 869 786 Achaiam
888 726 1138 804 Thessaliamque

155 807 223 869 sine
243 807 354 868 damno
376 805 547 882 iniuriaque
567 822 725 883 agrorum,
748 823 804 883 per
825 825 904 885 quos
924 810 981 871 iter
1001 811 1085 884 iecit,
1107 811 1137 870 in

154 905 283 966 regnum
296 889 394 951 rediit.
415 903 473 950 neo
487 901 592 951 eurum
605 898 720 952 tantum
733 893 905 969 civitatium,
922 909 978 969 per
992 910 1069 971 quas
1080 893 1136 955 itu-

130 1023 137 1034 ,
153 991 208 1036 rus
230 982 309 1048 erat,
329 973 406 1034 satis
425 973 532 1035 hahuit
545 975 663 1037 animos
678 976 736 1036 sihi
751 977 928 1038 conciliare:
951 985 1003 1038 aut
1017 979 1136 1053 legatos

154 1065 208 1120 aut
226 1057 341 1119 litteras
363 1057 489 1132 dimisit,
509 1065 618 1134 petens
638 1075 677 1119 ne
697 1059 810 1121 diutius
825 1061 1034 1136 simultatium,
1056 1077 1136 1137 quae

155 1157 224 1204 oum
240 1148 327 1219 patre
342 1157 400 1202 suo
416 1142 553 1217 inissent,
568 1144 791 1206 meminissent:
814 1159 871 1205 neo
886 1145 966 1206 enim
980 1153 1042 1206 tarn
1056 1153 1136 1206 atro·

155 1242 208 1288 ces
230 1226 327 1287 luisse
348 1239 417 1301 eae,
436 1234 470 1288 ut
488 1242 551 1287 non
573 1227 731 1302 cumipse
750 1229 904 1304 potuerint
924 1245 961 1290 ac
976 1228 1137 1308 debuerint

153 1309 249 1380 finiri;
271 1323 377 1370 secum
393 1310 517 1386 quidem
531 1311 633 1371 omnia
643 1312 701 1372 illis
713 1311 830 1386 integra
842 1328 913 1374 esse
924 1314 963 1373 ad
978 1313 1135 1373 instituen-

72 1438 76 1445 s
155 1396 225 1456 dam
245 1393 375 1455 fideliter
395 1394 571 1454 amicitiam:
600 1411 669 1456 cum
682 1395 876 1470 Achaeorum
896 1397 1027 1456 maxime
1046 1403 1136 1470 gente

153 1477 401 1541 reconciliandae
421 1476 536 1554 gratiae
555 1479 636 1539 viam
652 1479 828 1554 quaerebat.
855 1481 961 1540 XXlll.
982 1480 1060 1540 haec
1075 1495 1136 1540 una

153 1577 194 1624 ex
208 1563 291 1625 omni
303 1562 430 1623 Graecia
444 1577 521 1638 gens
535 1570 567 1624 et
577 1562 808 1624 Atheniensium
823 1563 939 1637 civitas,
956 1579 993 1624 eo
1008 1578 1136 1641 proces·

154 1653 239 1708 serat
251 1647 378 1721 irarum,
394 1651 432 1720 ut
442 1645 762 1709 linibus'interdioeret
774 1647 1004 1710 Macedonibus.
1032 1649 1136 1724 itaque

154 1731 287 1792 servitiis
307 1745 348 1792 ex
366 1730 491 1792 Achaia¹
507 1731 691 1807 fugientibus
712 1733 940 1807 receptaculum
953 1731 1136 1794 Macedonia

153 1823 232 1889 erat,
256 1817 353 1891 quia,
367 1821 435 1874 cum
450 1813 563 1876 finibus
579 1814 643 1876 suis
658 1815 902 1892 interdixissent,
924 1816 1035 1876 intrare
1049 1815 1136 1891 regni

152 1900 300 1962 terminos
320 1899 381 1975 ipsi
402 1915 463 1960 non
477 1898 639 1959 audebant.
660 1899 700 1960 id
717 1914 786 1960 cum
798 1899 929 1960 Perseos
944 1899 1136 1962 animadver-

151 1982 251 2058 tisset,
266 1981 457 2059 comprensis
472 1981 613 2044 omnihus
627 1983 743 2043 litterae
754 1981 806 2041 ’ἢ
826 1991 960 2044 ceterum
975 2001 1013 2044 na
1028 1983 1135 2044 similis

152 2068 226 2144 iuga
240 2067 405 2141 servorum¹
413 2073 524 2142 postea
535 2067 629 2141 fieret,
645 2066 840 2141 cogitandum
851 2075 881 2128 et
891 2067 949 2128 illis
962 2082 1042 2130 essa.
1057 2065 1135 2128 reci-

152 2153 223 2213 tatis
242 2151 290 2212 his
312 2149 419 2211 litteris
440 2146 702 2227 perhenarchum
722 2158 909 2226 praetorem,
932 2151 984 2227 qui
997 2151 1135 2227 privatae

153 2235 269 2312 mattae
285 2235 399 2296 aditum
415 2235 498 2310 apud
513 2247 618 2310 regern
630 2233 805 2309 quaerebat,
820 2240 851 2294 et
860 2235 1018 2310 plerisque
1029 2234 1135 2294 mode·

152 2327 218 2380 rata
233 2327 263 2380 et
276 2317 408 2394 benigne
429 2321 560 2393 scriptas
583 2333 654 2378 esse
674 2317 871 2380 censentibus
892 2319 1021 2392 litteras,
1043 2323 1135 2392 atque

151 2401 201 2464 his
213 2403 344 2464 maxime
356 2404 409 2478 qui
420 2410 541 2478 praeter
552 2405 640 2478 spem
648 2401 801 2478 recepturi
809 2408 915 2462 essent
925 2402 1039 2462 amissa
1048 2415 1134 2460 man*

153 2487 242 2563 cipio,
260 2486 435 2548 callicrates
449 2502 489 2547 ex
503 2487 541 2546 iis
556 2485 654 2562 quiin
669 2501 707 2545 eo
721 2487 798 2546 verti
812 2487 941 2546 salutern
954 2485 1054 2562 gentis
1069 2499 1133 2544 cre·

152 2571 274 2646 derent,
299 2570 417 2632 sicum
440 2571 587 2632 Romanis
611 2571 787 2644 inviolatum
813 2570 923 2630 foedus
950 2574 1133 2642 servaretur,

152 2657 287 2732 „parva“
301 2655 399 2732 inquii
412 2661 484 2730 „aut
497 2654 661 2715 mediocris
674 2667 735 2724 res,
749 2653 876 2727 Achaei,
893 2653 1076 2728 quibusdam
1089 2651 1134 2711 vi-

152 2739 242 2800 detur
262 2739 325 2814 agi:
354 2753 412 2814 ego
434 2739 598 2798 maximam
623 2737 755 2797 omnium
777 2735 1052 2811 gravissimamque
1071 2751 1134 2795 non

151 2821 202 2898 agi
215 2828 330 2884 tantum
345 2821 490 2896 arbitror,
513 2817 570 2882 sed
585 2820 719 2896 quodam
733 2818 825 2880 modo
841 2827 940 2880 actam
955 2833 1035 2880 esse.
1063 2833 1134 2877 nam

144 2907 206 2983 ¹qui
220 2906 344 2982 regibus
355 2905 559 2966 Macedonum
569 2903 854 2979 Macedonibusque
868 2903 946 2978 ipsis
961 2902 1073 2963 finibus
1088 2901 1133 2961 in-

150 2991 392 3064 emisissemus,
408 3003 595 3064 manereque
605 2988 637 3049 id
648 2988 811 3061 decretum,
828 2986 994 3048 scilicetne
1005 2987 1133 3062 legatos,

151 3085 191 3132 ne
209 3075 332 3136 nuntios
353 3073 579 3136 admitteremus
593 3088 715 3148 regum,
736 3087 793 3148 per
807 3087 888 3148 quos
904 3073 1076 3147 aliquorum
1090 3085 1130 3130 ex

64 3185 68 3199 =
151 3157 241 3220 nobis
256 3157 348 3219 animi
363 3158 605 3232 sollicitarentur,
619 3158 641 3217 ii
655 3158 882 3218 contionantem
893 3156 1028 3231 quodam
1038 3153 1132 3216 modo

151 3240 309 3304 absentem
321 3242 462 3305 audimus
473 3257 585 3318 regem,
601 3249 640 3316 et,
656 3243 682 3302 si
695 3239 752 3302 diis
766 3241 875 3316 placet,
887 3238 1055 3302 orationem
1065 3239 1132 3297 eius
1183 3251 1185 3254 ·

151 3326 329 3402 probemus.
358 3333 471 3388 etcum
492 3329 575 3387 serae
588 3325 707 3386 bestiae
719 3325 820 3386 cibum
836 3324 876 3385 ad
891 3323 1030 3386 iraudem
1043 3336 1132 3380 suam

151 3411 285 3487 positum
307 3411 486 3486 plerumque
507 3417 710 3486 aspernentur
729 3415 760 3468 et
777 3407 941 3482 refugiant,
967 3419 1025 3467 nos
1048 3405 1132 3464 caeci

151 3493 258 3570 speeie
279 3494 368 3570 parvi
387 3495 528 3556 beneficii
548 3495 735 3568 inescamur,
756 3498 788 3552 et
807 3491 999 3552 servulorum
1018 3487 1133 3548 minimi
