2598 3956
186 188 247 252 100
305 214 309 226 ·
369 189 484 252 LIBER
498 189 559 250 XL.
582 189 664 250 chP.
679 199 724 254 sc.
735 199 779 254 st.
803 195 997 264 [aucus]

184 349 335 418 peresset,
352 341 506 404 censebat.
529 337 605 402 LVI.
625 340 756 404 Perseus
769 339 879 402 certior
887 340 988 404 laetus
1002 340 1104 402 omnia
1115 341 1169 402 de·

183 433 265 487 tecta
280 439 368 500 esse,
390 423 543 500 potentior
558 422 680 502 quidem
696 432 775 498 erat,
792 439 883 499 quarn
897 429 929 484 ut
944 423 1045 500 lugam
1059 441 1169 486 neces-

185 509 297 570 sariam
310 509 451 570 duceret:
474 515 590 570 tontum
601 516 634 570 ut
644 509 753 584 procul
764 505 889 569 abesset
900 508 1035 584 curabat,
1048 508 1169 572 interim

183 594 268 654 velut
286 592 325 654 ab
347 591 489 654 incendio
506 591 664 669 flagrantis
678 593 757 666 irae,
780 591 852 652 dum
866 589 1026 668 Philippus
1040 593 1167 668 viveret,

185 691 220 744 se
242 677 436 738 defensurus.
469 677 495 738 is
511 692 568 752 spe
589 675 728 752 potiundi
742 675 782 735 ad
797 690 929 751 poenam
945 677 1085 752 corporis
1100 676 1167 738 eius

184 758 299 821 amissa
315 760 400 835 quod
412 759 563 837 reliquum
579 765 658 832 erat,
674 759 706 820 id
720 758 859 835 studere,
874 775 913 820 ne
928 775 1025 836 super
1036 761 1166 837 impuni-

182 850 274 904 tatem
290 844 380 904 etiam
396 844 532 920 praemio
549 843 675 905 sceleris
689 842 849 906 frueretur.
876 839 1168 920 Antigonum'igitur

183 929 328 1004 appellat,
345 929 394 988 oui
410 937 439 989 et
453 928 554 1003 palam
568 926 640 988 lacti
651 925 806 1003 parricidii
817 927 914 1002 gratia
925 925 1080 989 obnoxius
1092 935 1167 1002 erat,

182 1022 284 1088 neque
298 1011 477 1086 pudendum
492 1018 544 1073 aut
556 1009 774 1087 paenitendum
789 1025 859 1071 eum
873 1025 977 1086 regem
991 1009 1167 1072 Macedoni·

183 1093 241 1155 bus
262 1102 389 1170 propter
408 1101 563 1155 recentem
583 1094 682 1172 patrui
696 1092 843 1169 Antigoni
863 1092 991 1170 gloriam
1012 1095 1078 1156 lore
1095 1110 1166 1156 cen-

183 1176 280 1240 sebat.
302 1179 447 1254 „quando
462 1177 493 1238 in
511 1193 578 1239 eam
593 1179 744 1239 fortunam
756 1178 859 1252 veni,“
872 1177 971 1254 inquit
984 1179 1166 1255 „Antigone

180 1267 215 1322 ut
230 1260 344 1322 orbitas
360 1261 447 1337 mihi,
468 1277 560 1337 quarn
575 1259 626 1322 alii
640 1261 829 1322 detestantur
844 1270 1003 1336 parentes,
1023 1263 1165 1339 optabilis

182 1359 255 1407 esse
270 1345 390 1421 debeat,
404 1361 547 1422 regnum,
564 1345 646 1421 quod
663 1361 682 1405 a
695 1351 806 1421 patruo
821 1352 873 1407 tuo
889 1345 973 1420 lorti,
988 1361 1050 1407 non
1066 1348 1166 1408 solum

181 1429 267 1491 fideli
289 1432 382 1491 tutela
397 1436 428 1491 et
442 1431 625 1492 custoditum
642 1436 672 1490 et
685 1436 807 1490 auctum
820 1430 911 1490 etiam
925 1430 1046 1506 accepi,
1068 1431 1100 1491 id
1112 1428 1166 1491 tibi

180 1513 304 1574 tradere
319 1513 349 1573 in
364 1513 465 1574 animo
481 1523 538 1576 est.
560 1521 591 1574 te
601 1512 814 1586 unumhabeo,
830 1512 1058 1592 quemldignum
1069 1529 1166 1590 regno

181 1595 324 1656 iudicem.
346 1597 373 1656 si
389 1596 541 1657 neminem
555 1596 710 1671 haberem,
726 1596 826 1671 perire
840 1605 871 1660 et
885 1597 1038 1673 exstingui
1048 1589 1081 1659 id
1092 1599 1163 1658 mal-

180 1679 242 1740 lem
263 1695 356 1754 quam
369 1679 484 1742 Perseo
507 1680 659 1742 scelestae
680 1678 797 1740 fraudis
819 1681 987 1757 praemium
1002 1695 1083 1742 esse.
1105 1681 1164 1742 De-

181 1762 323 1823 metrium
344 1763 509 1824 excitatum
523 1764 562 1824 ab
576 1762 682 1824 interis
697 1764 931 1841 restitutumque
946 1765 1068 1825 credam
1082 1763 1164 1840 mihi,

157 1871 158 1875 ¹
182 1846 210 1906 si
223 1851 270 1921 te,
292 1846 345 1922 qui
364 1847 454 1908 morti
474 1847 663 1922 innocentis,
685 1845 737 1923 qui
759 1862 828 1909 meo
849 1847 961 1910 infelici
977 1849 1072 1910 errori
1085 1864 1165 1910 unus

181 1929 378 2006 illacrimoso,
394 1929 536 2008 inlocum
549 1931 615 1992 eius
627 1931 823 1994 substitutum
834 1932 1033 2009 relinquam.“
1057 1932 1166 1994 abhoc

181 2027 325 2074 sermone
340 2015 422 2074 omni
437 2030 551 2090 genere
562 2013 690 2078 honoris
701 2015 875 2093 producere
887 2031 954 2077 eum
968 2031 1030 2077 non
1042 2014 1165 2077 destitit.

182 2111 250 2156 cum
271 2098 302 2158 in
322 2095 451 2160 Thracia
470 2099 602 2161 Perseus
625 2099 762 2176 abesset,
784 2101 945 2162 circumire
963 2099 1164 2162 Macedoniae

180 2181 274 2242 urbes
290 2181 543 2260 principibusque
556 2183 745 2260 Antigonum
760 2184 990 2258 commendare,
1013 2192 1043 2247 et
1058 2185 1085 2246 si
1099 2185 1164 2246 vita

181 2265 302 2340 longior
316 2267 521 2344 suppetisset,
542 2266 627 2330 haud
640 2268 765 2330 dubium
780 2269 849 2344 luit,
872 2267 945 2346 quin
960 2285 1030 2330 eum
1045 2269 1075 2329 in
1091 2285 1160 2346 pos>

181 2350 324 2412 sessione
339 2349 425 2426 regni
439 2350 601 2412 relicturus
614 2352 712 2411 luerit.
747 2352 785 2410 ab
799 2351 993 2413 Demetriade
1007 2355 1164 2428 protectus

179 2431 418 2494 Thessalonicae
437 2433 601 2510 plurimum
622 2433 770 2510 temporis
790 2439 928 2494 moratus
949 2436 1057 2494 iuerat.
1089 2435 1164 2495 inde

180 2530 250 2574 cum
270 2513 478 2590 Amphipolim
503 2515 654 2589 venisset„
679 2515 766 2592 gravi
789 2517 896 2577 morbo
921 2523 969 2578 est
988 2515 1163 2594 implicitus.

181 2597 238 2659 sed
253 2598 353 2659 animo
369 2604 469 2658 tamen
485 2614 609 2674 aegrum
620 2597 718 2674 magis
733 2599 831 2660 tuisse
843 2617 934 2676 quam
947 2617 1078 2676 corpore
1090 2617 1162 2663 con-

180 2687 255 2752 stat;
276 2679 422 2757 curisque
442 2688 473 2744 et
492 2678 619 2758 vigiliis,
642 2698 710 2743 cum
730 2681 895 2745 identidem
916 2684 1038 2760 species
1054 2693 1084 2746 et
1096 2701 1162 2747 um-

178 2764 254 2825 brae
274 2765 405 2828 insontis
425 2766 597 2842 interempti
617 2764 671 2828 filii
685 2767 849 2844 agitarent,
872 2785 941 2830 cum
957 2768 1031 2830 diris
1047 2769 1162 2832 exstin-

180 2855 261 2910 ctum
283 2865 355 2912 esse
376 2851 640 2913 exsecrationibus
654 2851 789 2936 alterius.
817 2858 917 2913 tamen
932 2852 1091 2916 admoneri
1105 2869 1161 2931 po·

178 2933 290 2994 tuisset
297 2935 479 3010 Antigonus,
492 2936 519 2996 si
530 2935 613 2996 haud
624 2932 658 2975 **
669 2935 769 2997 statim
780 2938 879 3012 palam
891 2937 972 2998 iacta
983 2945 1067 3000 esset
1077 2954 1163 3002 mors

178 3016 271 3090 regis.
301 3018 439 3080 medicus
460 3018 646 3095 Calligenes,
673 3019 725 3095 qui
746 3020 895 3080 curationi
917 3028 1073 3097 praeerat,
1098 3039 1161 3085 non

179 3106 361 3174 exspectata
373 3108 471 3165 morte
484 3103 576 3178 regis,
593 3119 611 3163 a
625 3101 732 3180 primis
746 3102 973 3181 desperationis
988 3106 1069 3169 notis
1084 3123 1161 3168 nun·

178 3181 239 3244 tios
253 3185 501 3261 praedispositos
515 3185 559 3248 ita
572 3192 607 3248 ut
620 3193 804 3249 convenerat
814 3185 896 3252 misit
907 3189 948 3251 ad
959 3187 1115 3265 Perseum,
1131 3199 1160 3252 et

178 3274 306 3329 mortem
326 3270 408 3345 regis
428 3271 459 3331 in
480 3270 643 3333 adventum
656 3269 724 3334 eius
746 3285 854 3334 ornnes
875 3273 927 3349 qui
943 3274 1161 3350 extra-regiam

178 3354 392 3415 erantcelavit.
413 3353 504 3415 LVII.
520 3355 677 3432 oppressit
686 3356 775 3432 igitur
786 3356 1008 3435 necopinantes
1020 3357 1159 3434 ignaros·

178 3451 239 3510 que
253 3453 360 3499 omnes
374 3437 515 3516 Perseus,
530 3446 560 3501 et
575 3455 703 3517 regnum
717 3442 835 3503 scelere
848 3448 968 3519 partum
981 3440 1101 3502 invasit.
