2598 3956
222 193 433 255 ἰιΒιιιιΧιι.
457 195 539 254 cap.
552 204 595 256 ιι.
607 205 649 256 15.
671 197 854 274 [susara.
866 221 891 258 a.
900 203 1002 280 arro]
1052 201 1115 268 115

131 362 244 410 versos
269 345 379 406 limites
407 347 559 420 superatis
579 347 739 410 ‚montibus
764 349 794 408 in
818 367 944 427 campos
964 351 1114 428 degressi,

133 445 239 507 agrum
253 429 456 498 Mutinensem
478 431 630 505 populati,
652 433 812 508 repentino
833 434 949 511 impetu
964 437 1116 498 coloniam

132 515 232 593 ipsam
253 520 412 589 oeperunt.
444 513 475 573 id
496 514 547 574 ubi
561 514 690 576 Romam
704 517 837 578 adlatum
852 526 914 592 est,
940 520 1113 582 senatusc

133 597 292 662 claudium
303 599 462 658 consulem
474 598 595 658 comitia
606 601 704 674 primo
717 617 842 676 quoque
853 609 990 699 tempora
1001 604 1116 666 habere

132 683 235 758 iussit,
257 679 432 757 creansque
448 679 479 742 ιιι
496 697 607 742 annum
631 683 881 762 magistratibus
873 703 902 745 m
925 689 1115 762 provinciam

131 767 234 827 redire
255 773 286 827 et
305 767 456 826 coloniam
476 781 516 826 ex
535 766 678 828 hostibus
698 768 846 844 recipere.
878 770 920 832 ita
941 771 981 832 uti
997 774 1117 834 censuit

133 858 268 924 senatus,
283 849 404 911 comitia
416 849 528 912 habita
551 853 696 914 eonsules
708 852 801 912 creati
814 853 865 913 Cn.
879 841 1037 917 Cornelius
1050 855 1115 917 Soi-

133 933 185 1010 pio
205 933 363 1009 Hispallus
385 932 418 1007 Q
432 933 567 998 Petillios
583 933 745 1012 Spurinus.
777 943 936 1011 praetores
956 939 1028 998 iude
1044 938 1116 1000 laeti
1147 931 1151 936 ’

131 1019 171 1078 Μ.
185 1016 333 1092 Popillius
347 1019 467 1079 Laenas
480 1017 512 1078 P.
528 1018 665 1094 ιιιιιιιιιιιιΙ
679 1019 808 1082 Crassus
819 1019 859 1083 Μ.
876 1020 1034 1084 Cornelius
1051 1022 1116 1086 Soi-

132 1101 237 1177 pioL.
251 1099 392 1176 Papirius
411 1101 499 1162 Maso
518 1101 558 1162 Μ.
573 1101 708 1165 Aburius
728 1105 762 1164 L
775 1104 941 1200 Aquillius
946 1105 1061 1168 Gallus.
1084 1105 1116 1168 C.

133 1184 259 1249 Claudio
281 1185 399 1248 consuli
414 1187 634 1262 prorogatum
626 1204 656 1247 m
674 1205 786 1250 annum
801 1187 959 1264 imperium
974 1196 1005 1250 et
1020 1188 1117 1250 Gallia

132 1265 309 1347 provincia,
337 1277 368 1330 et
387 1286 427 1331 ne
447 1269 542 1331 Histri
566 1269 649 1362 idem
670 1273 754 1348 quod
772 1280 802 1333 et
820 1273 949 1348 Ligures
971 1275 1115 1347 laterent,

133 1353 237 1414 socios
251 1353 384 1414 nominis
398 1352 519 1426 Latini
511 1370 542 1414 ιιι
556 1342 699 1416 Histriam
714 1356 861 1429 mitteret,
877 1372 956 1431 quos
972 1355 1117 1432 triumphi

133 1453 229 1498 eausa
244 1437 283 1496 de
297 1436 459 1512 provincie
474 1437 665 1500 deduxisset.
688 1439 739 1501 (ln.
753 1440 892 1502 Cornelio
908 1447 939 1500 et
953 1439 986 1514 Q
998 1437 1116 1500 Petillia

134 1519 328 1596 oonsulibus,
350 1537 412 1597 quo
428 1521 478 1592 die
493 1523 701 1598 magistratum
721 1523 866 1598 inierunt,
886 1522 1115 1585 immolantibus

131 1606 198 1666 lovi
212 1603 340 1680 siugulis
355 1605 465 1682 bubus,
479 1606 523 1667 uti
537 1608 624 1682 solet,
639 1606 669 1668 in
687 1621 723 1668 aa
735 1607 846 1681 hostia,
863 1623 924 1682 qua
937 1607 970 1682 Q.
980 1606 1117 1670 Petillius

134 1687 333 1762 sacrificavit,
355 1689 387 1750 in
404 1687 542 1752 iocinere
563 1696 656 1768 eaput
674 1707 736 1753 non
753 1690 916 1752 inventum.
945 1691 977 1754 id
992 1707 1061 1754 eum
1076 1691 1116 1751 ad

136 1782 276 1835 serratum
297 1773 479 1850 rettulisset,
500 1775 581 1835 bove
595 1775 737 1849 perlitare
751 1773 867 1837 iussus.
896 1775 935 1834 de
949 1775 1116 1852 provinciis

134 1857 246 1920 deinde
263 1859 421 1920 consultus
436 1866 562 1920 senalus
573 1857 661 1919 Pisas
676 1866 707 1919 et
715 1857 844 1934 Ligures
857 1855 1033 1934 provintias
1045 1875 1117 1920 oon·

134 1942 253 2004 sulibus
268 1941 418 2014 decrerim
442 1958 491 2004 em
483 1942 590 2004 Pisae
600 1943 761 2018 provincia
772 1942 958 2014 obuenisset,
976 1959 1044 2004 cum
1054 1959 1118 2004 tna·

102 2093 115 2097 ,
133 2027 313 2102 gistratuum
334 2027 538 2088 creandorum
557 2031 679 2102 tempus
697 2035 795 2100 esset,
818 2029 857 2088 ad
871 2027 994 2088 comitia
1007 2026 1119 2088 reverti

134 2110 232 2172 iussit.
263 2108 400 2171 additum
422 2111 562 2185 decreto,
579 2117 613 2171 ut
629 2111 717 2171 binas
737 2110 875 2185 legiones
890 2126 988 2172 novas
1004 2109 1118 2172 scribe·

136 2201 203 2256 rent
218 2199 248 2254 et
262 2201 405 2256 uesanos
421 2195 555 2272 equites,
578 2201 608 2254 et
622 2195 702 2255 dena
715 2193 797 2256 milia
810 2194 946 2271 pediturn
958 2192 1052 2256 sociis
1064 2209 1118 2255 no-

135 2278 270 2353 minique
283 2277 400 2353 Latium,
415 2285 446 2338 et
460 2292 612 2348 sextenos
626 2279 810 2354 imperarent
824 2277 955 2352 equites.
976 2276 1018 2334 Ti.
1032 2277 1118 2337 Clau⁸¹

135 2364 186 2424 dio
207 2369 406 2438 prorogatum
425 2369 474 2423 est
493 2361 653 2439 imperium
670 2363 701 2423 in
716 2360 748 2422 id
762 2369 899 2438 tempus,
921 2376 982 2436 quo
998 2359 1029 2420 in
1045 2377 1115 2436 pro-

136 2445 268 2508 vinciam
282 2448 393 2511 eousul
407 2447 553 2508 venisset.
574 2445 640 2508 XV.
667 2447 739 2508 dum
754 2447 793 2508 de
804 2447 841 2507 iis
856 2444 950 2508 rebus
965 2445 995 2504 in
1010 2451 1118 2506 senatu
1192 2447 1195 2453 “

136 2531 244 2607 agitur,
252 2530 304 2592 Cn.
313 2530 631 2600 Corneliusavooatus
643 2547 662 2592 a
672 2531 798 2604 viatore,
811 2547 879 2591 eum
890 2529 1004 2605 templo
1016 2544 1119 2604 egres·

136 2631 191 2677 sus
211 2621 310 2690 esset,
328 2617 425 2692 ,paulo
446 2623 519 2692 post
536 2617 627 2678 rediit
648 2616 777 2676 contuso
804 2615 903 2690 vultu,
925 2618 957 2673 et
977 2612 1122 2688 exposuit

107 2729 112 2737 ·
137 2697 274 2775 patribus
290 2695 473 2776 conscriptis
487 2698 577 2762 bovis
590 2700 772 2774 sesoeuaris,
790 2711 880 2774 quem
891 2696 1121 2768 immolavisset,

136 2783 221 2846 ieeur
234 2779 418 2844 diffluxisse.
440 2784 472 2844 id
487 2798 522 2845 se
532 2780 702 2846 victimario
713 2780 863 2845 nuntianti
874 2794 983 2856 parum
994 2779 1121 2840 ereden-

137 2875 198 2928 tem
217 2865 320 2942 ipsum
341 2883 452 2944 aquam
473 2867 590 2930 effundi
605 2884 646 2930 ex
660 2867 735 2942 olla,
756 2865 808 2927 ubi
822 2871 895 2927 exta
908 2869 1122 2940 coquerentur,

137 2949 285 3026 iussisse,
300 2958 331 3013 et
343 2951 461 3014 vidisse
476 2957 609 3014 aeleram
622 2953 769 3028 integram
784 2957 901 3026 partem
916 2953 1063 3022 extorum,
1078 2945 1121 3006 ie·

139 3050 298 3102 aurumne
311 3036 506 3100 inenarrabili
520 3038 590 3100 tabe
604 3039 809 3113 absumptum.
838 3033 949 3098 territis
964 3046 1002 3092 eo
1016 3029 1121 3108 prodi-

138 3119 190 3195 gio
205 3119 358 3218 patribus,
380 3129 410 3182 et
426 3123 501 3184 alter
516 3123 625 3184 consul
640 3136 743 3184 euram
756 3118 883 3193 adierit,
907 3114 959 3194 qui
972 3130 1022 3189 se,
1038 3113 1123 3210 quod

140 3204 258 3279 eaput
250 3204 377 3266 iocineri
398 3205 562 3279 doluisset,
582 3205 680 3270 tribus
694 3203 797 3267 bubus
812 3202 974 3279 perlitasse
984 3197 1120 3274 negavit.

139 3293 265 3350 senatus
285 3289 452 3352 maioribus
469 3289 577 3350 hostiis
599 3307 659 3366 usq
660 3305 700 3350 ue
719 3289 760 3349 ud
774 3286 940 3349 litationem
954 3279 1122 3346 saariliaari

138 3369 239 3435 iussit
262 3373 370 3437 ueteris
382 3373 440 3434 diis
453 3373 625 3450 perlitatum
636 3375 772 3442 luerunt=
765 3370 884 3434 ·Saluli
895 3365 1041 3430 Petillium
1051 3379 1122 3442 per·

140 3452 247 3518 litasse
257 3462 377 3534 negant
398 3455 469 3520 inde
481 3458 625 3520 eonsules
633 3463 857 3534 praetoresque
867 3448 1043 3596 parumneras
1055 3461 1122 3512 sor·
