2574 3954
167 183 230 278 eoo
328 215 775 278 crannxnrrr..onr.1a1r.
798 221 834 288 [a.
848 221 995 288 casm]

169 385 230 444 quo
250 375 339 442 pacto
355 367 498 442 antiquus
513 365 694 440 inanimus,
716 376 746 427 et
767 366 916 442 quaedam
932 365 1039 443 religio
1053 375 1150 444 tenet,

169 467 248 529 quae
269 451 310 511 illi
332 449 562 527 prudentissimi
583 449 639 509 viri
658 451 781 526 publice
803 449 1001 526 suscipienda
1016 467 1148 513 censue

167 540 233 607 rint,
250 551 287 594 ea
302 551 358 610 pro
373 533 472 609 dignis
487 533 609 607 habere,
626 547 705 610 quae
719 534 749 592 in
765 548 851 594 meos
866 535 992 594 annales
1004 535 1148 595 reseram.

166 620 306 694 Anagnia
326 619 387 679 duo
408 617 550 694 prodigia
571 632 609 676 eo
631 633 711 677 auno
731 625 802 678 sunt
821 619 971 693 nuntiata,
996 620 1094 678 lacem
1115 619 1148 679 in

168 707 252 765 caelo
275 709 488 778 conspectam,
514 708 543 762 et
563 701 673 762 bovem
696 701 839 761 seminam
863 702 996 762 locutam
1022 703 1148 777 publice

166 789 215 849 ali.
236 787 398 847 Minturnis
415 800 540 862 quoque
555 801 611 860 per
625 801 680 846 eos
696 785 764 844 dies
779 785 856 845 caeli
871 786 1005 847 ardentis
1021 787 1147 861 species

167 873 342 933 adfulserat.
370 871 466 931 Reate
487 868 574 929 imbri
594 869 749 944 lapidavit.
783 867 884 929 Cumis
899 868 930 928 in
945 885 1017 930 arce
1031 870 1150 944 Apollo

166 957 296 1016 triduum
318 969 354 1014 ac
375 961 437 1014 tres
459 961 566 1013 noctes
587 952 764 1012 lacrimavit.
786 953 816 1010 in
838 953 915 1012 urbe
928 953 1067 1014 Romana
1082 954 1147 1012 duo

166 1037 279 1100 aeditui
291 1036 472 1111 nuntiarunt,
488 1037 563 1096 alter
574 1037 604 1095 in
615 1037 693 1096 aede
703 1035 856 1096 Fortunae
868 1052 998 1110 anguem
1010 1037 1147 1097 iubatum

167 1141 185 1182 a
210 1120 418 1196 compluribus
443 1120 543 1180 visum
569 1134 656 1191 esse,
687 1120 763 1180 alter
787 1117 818 1178 in
843 1120 922 1180 aede
945 1119 1148 1195 Primigeniae

166 1207 325 1278 Fortunae,
342 1220 421 1280 quae
432 1204 461 1262 in
475 1205 553 1265 colle
564 1211 619 1276 est,
636 1203 698 1263 duo
712 1203 835 1263 diversa
846 1202 997 1279 prodigia,
1012 1205 1146 1279 palmam

167 1293 195 1350 in
212 1306 285 1350 area
305 1295 440 1359 enatam,
462 1295 491 1347 et
511 1287 661 1362 sanguine
683 1287 813 1347 interdiu
833 1287 982 1362 pluvisse.
1006 1289 1067 1348 duo
1082 1304 1146 1349 non

167 1380 313 1448 suscepta
326 1372 467 1448 prodigia
482 1379 560 1445 sunt,
581 1372 716 1445 alterum,
739 1372 823 1445 quod
838 1371 868 1430 in
883 1373 1001 1446 privato
1017 1374 1085 1433 loco
1102 1373 1115 1430 l
1135 1405 1148 1414 ·

167 1467 246 1519 ctum
268 1465 361 1531 esset,
375 1488 418 1500 -
438 1457 570 1530 palmam
591 1463 711 1516 enatam
732 1455 763 1514 in
783 1454 929 1530 impluvio
945 1473 1002 1516 suo
1018 1457 1049 1516 Τ.
1066 1456 1146 1516 llar-

168 1535 363 1614 ciusFigulus
376 1538 533 1600 nuntiabat
541 1572 593 1612 -‚
606 1540 743 1613 alterurn,
756 1539 839 1613 quod
850 1539 958 1600 inloco
966 1540 1146 1615 peregrino:

166 1623 312 1700 Fregellis
329 1623 360 1682 in
376 1624 467 1684 domo
482 1623 516 1682 L.
527 1621 612 1682 Atrei
627 1622 725 1697 hasta,
742 1638 832 1698 quam
847 1623 911 1685 filio
926 1623 1010 1684 militi
1021 1632 1147 1698 emerat,

167 1707 297 1770 interdiu
318 1710 387 1782 plus
409 1707 486 1766 duas
508 1706 600 1766 horas
615 1707 746 1781 arsisse,
767 1707 809 1768 ita
823 1714 856 1768 ut
870 1707 944 1767 nihil
959 1707 1025 1768 eius
1040 1707 1146 1769 ambu-

167 1800 247 1852 reret
260 1790 350 1866 ignis,
365 1791 531 1851 dicebatur.
547 1790 738 1865 publicorum
750 1791 960 1866 prodigiorum
973 1807 1066 1852 causa
1077 1791 1147 1851 libri

166 1877 185 1936 a
200 1875 381 1936 decemviris
397 1875 484 1934 aditi:
514 1875 714 1949 quadraginta
728 1875 894 1936 maioribus
907 1875 1018 1936 hostiis
1034 1876 1147 1950 quibus

168 1961 226 2020 diis
253 1960 398 2020 consules
425 1958 634 2018 sacrificarent
658 1959 831 2034 ediderunt,
857 1968 888 2020 et
907 1967 940 2020 ut
961 1961 1148 2035 supplicatio

167 2044 262 2118 fieret,
279 2043 442 2118 cunctique
457 2043 651 2117 magistratus
668 2043 749 2102 circa
765 2045 866 2105 omnia
878 2043 1049 2119 pulvinaria
1060 2043 1147 2103 victi-1

99 2199 101 2201 ¹
168 2127 225 2188 mis
239 2127 406 2188 maioribus
422 2125 639 2200 sacrificarent,
662 2128 859 2203 populusque
874 2134 1037 2189 coronatus
1053 2133 1147 2188 essct.

170 2212 280 2284 omnia,
296 2211 338 2273 uti
354 2211 519 2272 decemviri
533 2211 716 2288 praeierunt,
732 2212 821 2272 lacta.

251 2297 331 2356 XlV.
347 2294 534 2356 censoribus
546 2295 657 2355 deinde
669 2296 810 2355 creandis
822 2296 943 2358 comitia
954 2295 1054 2355 edicte
1065 2301 1148 2354 sunt.

168 2381 319 2456 petierunt
341 2394 502 2439 censuram
520 2379 676 2453 principes
697 2378 842 2450 civitatis,
866 2379 897 2439 C.
911 2379 1054 2439 Valerius
1069 2377 1147 2436 Lae·

166 2465 258 2523 ninus
272 2463 303 2522 P.
318 2460 492 2522 Postumius
506 2460 636 2522 Albinus
650 2459 682 2520 P.
693 2459 814 2522 Mucius
827 2461 978 2524 Scaevola
987 2461 1028 2522 Μ.
1041 2461 1148 2522 lunius

167 2547 280 2607 Brutus
306 2546 338 2606 C.
362 2545 506 2606 Claudius
531 2544 660 2605 Pulcher
680 2545 723 2604 Ti.
750 2544 951 2622 Sempronius
978 2544 1146 2608 Gracchus.

168 2631 226 2692 hos
249 2631 327 2692 duos
344 2643 490 2690 censores
508 2629 622 2689 creavit
640 2630 773 2704 populus
793 2630 962 2691 Romanus.
987 2645 1055 2691 cum
1071 2627 1145 2688 dile
1186 2644 1197 2656 ²·

170 2723 237 2776 ctus
262 2713 394 2775 habendi
418 2713 515 2774 maior
547 2728 638 2789 quarn
663 2713 738 2774 alias
764 2722 890 2789 propter
913 2713 1146 2774 Macedonicum

169 2801 281 2860 bellum
295 2814 369 2860 cura
383 2805 480 2873 esset,
503 2801 647 2861 consules
668 2797 789 2872 plebem
804 2799 887 2874 apud
903 2805 1042 2859 senatum
1055 2811 1146 2856 accu-

170 2885 292 2956 sabant,
319 2885 403 2959 quod
428 2889 457 2943 et
481 2883 616 2943 iuniores
642 2898 703 2942 non
728 2883 962 2958 responderent.
995 2882 1146 2942 adversus

171 2983 250 3042 quos
265 2967 296 3026 C.
308 2964 462 3042 Sulpicius
479 2972 509 3025 et
518 2967 559 3026 Μ.
573 2967 716 3027 Claudius
731 2974 889 3040 praetores
905 2965 1004 3041 plebis
1020 2980 1147 3025 causam

170 3057 306 3125 egerunt.
331 3066 392 3110 non
415 3051 609 3122 consulibus,
633 3050 689 3110 sed
710 3049 878 3110 ambitiosis
901 3048 1079 3110 consulibus
1101 3049 1146 3108 di·

170 3137 280 3194 lectum
302 3131 458 3193 difficilem
479 3148 565 3193 esse:
595 3134 745 3193 neminem
765 3132 891 3194 invitum
910 3135 1034 3194 militem
1055 3131 1148 3191 abiis

170 3218 246 3278 heri.
268 3217 299 3276 id
313 3223 347 3276 ut
361 3215 402 3277 ita
417 3232 489 3277 esse
503 3217 616 3278 scirent
631 3226 660 3278 et
672 3223 774 3294 patres
787 3217 961 3293 conscripti,
977 3223 1148 3291 praetores,

171 3301 283 3377 quibus
299 3307 330 3360 et
344 3301 389 3360 vis
404 3299 522 3375 imperii
538 3300 635 3361 minor
651 3310 680 3362 et
695 3303 858 3363 auctoritas
875 3309 972 3374 esset,
994 3301 1147 3373 dilectum,

170 3387 196 3446 si
211 3387 253 3446 ita
268 3383 387 3446 senatui
401 3383 570 3458 videretur,
592 3381 782 3460 perfecturos
798 3402 878 3446 esso.
908 3385 938 3444 id
954 3383 1148 3459 praetoribus

170 3485 279 3544 magna
299 3477 418 3545 patrum
434 3469 466 3508 **
482 3485 542 3530 non
558 3469 625 3530 sine
641 3470 831 3545 sugillatione
846 3469 1006 3530 consulum
1022 3468 1143 3528 manda·

1275 3631 1278 3706 l]
