2574 3954
307 217 423 280 LIBER
433 218 523 280 XLII.
549 219 632 280 CAP.
644 227 840 296 lit-ultime.
853 230 915 296 iil]
1038 223 1098 288 171

117 372 231 447 nisque
242 369 327 440 ilaus
341 369 413 430 belli
426 369 482 440 sit;
501 371 643 446 adverse,
654 373 804 447 seeundo,
820 390 964 450 quaeque
977 375 1098 438 inscitia
1210 393 1213 398 ’

116 464 149 517 et
161 455 329 516 temeritate
344 454 457 519 ducum
467 454 575 516 clades
588 471 686 531 saepe
700 456 875 533 acciderint,
897 475 978 534 quae
992 466 1098 523 contra

115 540 200 600 bona
214 537 377 614 prudentie
387 543 423 600 cu
437 535 532 600 motus
548 539 688 612 austerio
715 555 810 616 quem
830 541 912 606 scira
925 541 1097 610 mortalium

114 622 215 684 ouius
224 619 345 696 mentis,
357 621 456 684 mrius
467 622 609 684 somenae
617 624 778 688 consulem
787 625 830 692 tul
839 625 953 692 bellurn
961 627 1098 692 mittenti

114 704 390 781 totumphmtanne
401 721 477 768 mex
492 720 561 766 omn
574 705 712 778 eueroitu
724 707 842 770 uictore
853 709 1055 774 scandentem
1065 710 1096 774 in

115 788 299 866 Capitolium
319 789 358 854 ad
370 789 500 850 eosdem
512 789 608 861 eleos,
628 806 649 852 a
670 789 781 866 quihus
803 791 1029 867 proficiscetur,
1051 794 1096 853 vi·

115 873 196 948 suri,
222 888 261 933 an
285 872 427 934 hostibus
453 888 520 934 eam
542 873 709 948 praebituri
734 875 877 947 iustitium
899 877 981 940 sinit
1006 873 1097 942 Persi

113 963 217 1020 autem
229 955 311 1032 regi,
331 957 482 1018 adversus
497 972 590 1033 quem
603 956 717 1032 ibatur,
737 959 850 1020 temam
872 967 903 1020 et
915 959 998 1023 hetto
1014 961 1097 1024 uara

111 1040 320 1102 Macedonum
333 1055 411 1116 gens
423 1038 624 1116 etotuhppus
638 1048 735 1117 pater,
749 1042 828 1104 inter
839 1044 935 1108 multa
946 1057 1096 1119 prospere

113 1131 204 1200 gesta
222 1125 363 1186 Romano
382 1124 474 1188 etium
499 1124 675 1186 nobilitatus
695 1125 791 1200 hello,
815 1126 1001 1202 praebebam
1030 1134 1097 1192 tum

113 1207 213 1283 ipsius
227 1207 331 1268 Persei
345 1224 521 1284 numquam,
532 1223 577 1268 ex
591 1225 653 1284 que
667 1224 796 1284 regnum
810 1210 992 1285 accepisset,
1013 1209 1096 1278 desi·

113 1299 178 1352 tum
193 1289 265 1352 belli
279 1292 511 1368 exspectatione
525 1291 672 1352 celebrari
684 1308 809 1354 nomeu.
831 1309 902 1356 *cum
916 1292 964 1356 his
980 1291 1094 1368 meta·

111 1374 248 1438 uocibus
264 1376 399 1436 emnium
411 1375 555 1436 ordinum
567 1375 708 1446 homiues
721 1377 970 1452 nomismatum
983 1391 1094 1442 tousu-

112 1458 174 1518 lern
194 1459 350 1534 prosecuti
370 1464 451 1519 sunt.
474 1459 535 1520 duo
556 1459 738 1521 consuleres
758 1458 869 1524 tutum
885 1459 1010 1525 miiitum
1025 1475 1095 1524 oum

111 1558 152 1603 eo
167 1543 262 1617 nissi,
276 1542 310 1602 u.
327 1542 471 1603 claudius
485 1542 521 1617 0.
536 1541 667 1616 Mucius,
683 1549 712 1604 at
726 1549 789 1603 tres
805 1541 940 1605 illustres
954 1543 1093 1615 iuvenes,

112 1625 147 1686 P.
161 1625 308 1690 Lentulus
323 1632 355 1686 ct
368 1625 431 1687 huo
446 1624 549 1686 Maelii
564 1626 702 1686 Aeidiuir
732 1627 807 1688 altor
820 1626 861 1688 M.
873 1625 994 1702 Maelii,
1018 1629 1095 1692 alter

111 1710 147 1771 L.
167 1708 273 1771 Manlii
291 1709 374 1771 filius
394 1716 468 1773 erat.
492 1725 560 1771 cum
581 1709 619 1770 iis
638 1711 749 1772 consul
767 1711 966 1777 Brundisium
985 1711 1026 1771 ad
1040 1725 1094 1774 exe

113 1795 256 1867 ercitum,
276 1800 370 1868 atque
389 1791 462 1854 inde
482 1808 552 1854 cum
573 1791 715 1854 omnihus
731 1794 830 1868 copiis
845 1800 1039 1858 hansneetus
1054 1793 1094 1854 ed

111 1874 326 1957 Nymphaeum
341 1877 373 1938 in
386 1876 625 1952 Apolloniatium
638 1891 714 1952 agro
729 1874 835 1952 posuit
850 1883 960 1940 castne.

197 1962 230 2022 In
252 1961 373 2023 Paucos
398 1968 469 2022 ante
493 1960 560 2020 dies
579 1959 728 2036 Pusaeus,
753 1967 920 2037 postquam
940 1959 1033 2036 legati
1055 1959 1093 2022 ah

111 2045 212 2110 Roma
223 2045 359 2120 regressi
370 2043 682 2121 praeciderautspem
694 2044 789 2120 pucis,
805 2043 967 2114 consilium
978 2044 1093 2106 hebuit.

111 2129 154 2190 ibi
170 2128 357 2206 aliquam
371 2127 504 2190 diversis
520 2127 677 2200 sententiis
690 2133 838 2190 uenatum
852 2135 909 2190 eet.
924 2134 1012 2190 aram
1027 2127 1093 2203 qul·

111 2215 172 2276 hus
189 2215 237 2274 uel
252 2212 437 2288 stipendium
451 2211 658 2286 uomendum,
679 2211 706 2272 si
720 2210 944 2285 inungeretur„
965 2209 1015 2272 vel
1028 2207 1094 2284 agri

110 2295 411 2374 pessumdandum,
437 2295 464 2356 si
487 2296 657 2368 multarent,
680 2292 834 2371 quidquid
854 2292 991 2368 deniquo
1011 2293 1094 2356 atiud

110 2381 201 2458 pacis
215 2395 311 2441 causa
325 2379 501 2456 patiendum
516 2383 614 2452 essct,
633 2395 695 2440 uon
709 2379 916 2442 recusandum
928 2376 1093 2451 uideretur,

110 2481 170 2526 nec
185 2464 442 2537 committendum,
457 2471 492 2525 ut
502 2463 536 2522 iu
551 2463 649 2523 aleam
662 2460 738 2525 tanti
752 2477 845 2524 casus
854 2477 893 2522 se
903 2475 1094 2536 regnumque

110 2550 208 2614 claret.
231 2547 259 2609 ei
279 2547 442 2622 possessio
465 2546 549 2608 haud
569 2545 976 2622 ambigusueguiuuaoeret,
1000 2545 1095 2606 multa

110 2631 192 2693 diem
206 2638 391 2707 tempusque
405 2631 527 2693 adferre
541 2645 647 2706 posse,
664 2631 776 2706 quihus
790 2646 854 2691 neu
869 2627 986 2691 amissa
999 2627 1093 2690 moue

109 2716 294 2791 reciperare,
309 2714 367 2776 scd
381 2715 534 2776 timendus
547 2715 627 2775 ultm
642 2714 681 2774 iis
696 2729 769 2776 esse
782 2729 864 2790 quos
879 2727 962 2774 uunc
975 2711 1094 2772 timeret

109 2805 231 2876 posset.
257 2805 394 2860 ceterum
413 2799 506 2859 multo
525 2797 626 2858 maior
646 2810 719 2872 pars
740 2795 902 2864 leomeris
915 2793 1095 2858 sententiae

108 2889 187 2944 erat
216 2881 367 2959 quidquid
388 2879 552 2955 cessisset,
574 2897 643 2942 catu
664 2897 701 2941 eo
723 2880 813 2941 simul
834 2894 930 2955 regno
952 2877 1093 2953 protinus

110 2966 284 3027 cedendum
299 2980 372 3026 esse
386 2965 598 3027 adfirmabunt.
618 2979 721 3041 neque
736 2964 817 3025 enhn
831 2965 988 3030 Romuuos
1000 2975 1093 3038 pecu·

110 3050 163 3111 uia
185 3055 238 3112 aut
257 3041 332 3124 agre
348 3064 455 3125 cgere,
482 3048 613 3114 seulmc
628 3049 723 3124 scire,
750 3064 818 3110 curu
833 3047 936 3110 omnia
948 3045 1092 3117 humana,

109 3141 175 3195 tum
198 3132 333 3193 maxims
358 3148 500 3209 quaeque
525 3139 555 3193 et
574 3148 670 3208 reque
689 3138 722 3193 et
735 3132 868 3208 imperia
886 3129 946 3192 suh
965 3129 1093 3191 essibus

108 3217 213 3278 multis
228 3231 310 3278 asse.
332 3215 626 3292 Carthaginiensium
641 3231 718 3292 opes
733 3217 960 3292 fregissemus,
981 3221 1013 3274 ot
1027 3227 1093 3272 ceu

108 3300 230 3361 vicibus
240 3315 349 3361 eorum
360 3306 592 3376 praepotentem
602 3300 763 3362 tinihmum
771 3315 877 3376 regem
887 3296 1092 3374 imposuisses

110 3383 297 3446 Antiochum
318 3383 559 3462 progeniemque
579 3386 646 3446 eius
660 3386 741 3445 ultra
754 3384 826 3459 iuga
839 3382 929 3444 hauri
938 3386 1092 3440 emotum=

109 3484 206 3529 uuum
219 3483 291 3529 esse
305 3467 506 3528 Macedoniae
519 3484 662 3544 regnum,
689 3469 860 3542 ct-regiene
875 3464 1094 3542 propinquum,
