2598 3956
188 204 231 269 88
400 201 515 262 LIBER
529 201 589 259 XL.
612 198 694 260 CAP.
707 207 751 260 tu.
774 205 809 272 [a.
822 203 881 260 U.e
905 204 967 272 572]

185 359 268 429 lium,
285 355 341 416 sed
356 354 441 414 varIa
451 355 572 413 fortuna
582 360 656 412 erat
678 351 798 427 egregie
812 351 958 428 legiones,
973 366 1031 412 uec
1042 355 1167 429 segnius

188 443 268 502 duae
282 439 348 499 alae
363 437 556 513 pugnabant:
580 443 708 496 externa
720 431 834 496 auxilia
847 435 886 494 ab
900 433 990 495 simili
1006 444 1166 510 armatura,

186 524 313 585 meliora
326 522 515 597 aliquantum
525 519 650 580 militum
661 533 775 593 genere
786 517 981 594 urgebantur,
996 535 1054 580 uec
1067 521 1167 582 locum

186 607 265 668 tueri
281 610 430 680 poterant.
452 602 592 664 Celtiberi
608 603 661 663 ubi
671 601 810 665 ordinatu
823 602 890 663 acie
901 608 932 661 et
942 602 1037 678 signis
1050 605 1167 666 collatis

187 707 223 753 se
238 705 299 751 non
314 705 386 750 esse
402 701 493 764 pares
507 686 680 761 legionibus
694 693 866 762 senserunt,
881 702 979 747 cuneo
991 685 1166 762 impressiu-

187 791 258 836 uem
272 775 424 840 lacernam
445 787 508 847 quo
522 777 638 832 tantum
654 770 754 830 valent
767 785 879 844 genere
894 786 1025 846 pugnae,
1044 779 1078 834 ut
1093 789 1166 847 qua-

187 871 319 934 urumque
339 862 426 932 purte
446 855 604 931 perculere
625 856 739 929 impetu
753 868 827 927 suo,
846 852 991 915 sustiueri
1006 863 1167 931 nequeant.

186 951 259 1002 tunc
286 956 413 1016 quoque
438 936 577 1019 turbatae
601 937 740 1013 legiones
765 943 850 1012 sunt,
879 953 979 1014 prope
1002 937 1169 1015 iutermpta

188 1025 282 1087 acies.
313 1039 405 1099 quam
427 1020 661 1096 trepidationem
675 1021 727 1082 ubi
741 1021 870 1084 Flaccus
885 1023 1062 1098 conspexit,
1086 1039 1168 1098 equo

186 1105 348 1169 advehitur
361 1107 402 1167 ad
415 1104 601 1181 legionarius
617 1105 745 1180 equites,
760 1111 791 1165 et
804 1105 937 1182 „ecquid
951 1106 1055 1166 auxilii
1070 1107 1101 1166 in
1116 1125 1169 1169 vo

187 1192 235 1252 bis
251 1197 319 1252 estt
339 1196 440 1251 actum
459 1189 519 1249 iam
541 1189 579 1248 de
594 1187 655 1249 hoc
668 1189 805 1250 exercitu
820 1189 917 1250 eritt“
944 1205 1014 1251 cum
1033 1191 1170 1267 undique

188 1274 425 1349 acclamassent,
448 1273 521 1349 quin
539 1272 659 1346 ederet,
681 1273 755 1349 quid
770 1272 836 1333 fleri
852 1273 937 1346 velit,
959 1288 1019 1334 uon
1036 1274 1170 1348 segniter

187 1358 347 1436 imperium
362 1363 581 1424 exsecutuross
609 1357 784 1432 „duplicate
799 1361 933 1418 turmas“
947 1357 1058 1432 inquit,
1075 1359 1168 1431 „dua-

187 1459 254 1504 rum
269 1440 423 1518 legionum
438 1442 572 1517 equites,
591 1448 621 1499 et
635 1440 797 1516 permittite
811 1457 910 1516 equos
925 1441 954 1500 in
969 1456 1101 1502 cuneum
1114 1443 1170 1504 ho-

188 1528 289 1600 stium,
305 1542 367 1600 quo
381 1533 505 1585 nostros
519 1532 638 1599 urgent.
658 1525 689 1584 id
705 1541 772 1585 cum
788 1525 903 1584 maiore
914 1525 944 1584 vi
960 1539 1109 1600 equorum
1126 1527 1140 1585 l
1156 1557 1167 1570 ·

189 1608 292 1680 cletis,
314 1607 342 1669 si
359 1608 525 1669 effrenatos
547 1607 578 1668 in
593 1622 649 1668 eos
663 1623 763 1684 equos
779 1607 951 1678 immittitis;
976 1611 1059 1684 quod
1075 1625 1171 1686 saepe

187 1694 345 1754 Romanos
360 1691 479 1769 equites
495 1705 564 1752 cum
578 1706 690 1766 magna
703 1692 794 1754 laude
809 1691 922 1753 iecisse
935 1709 994 1754 sua
1004 1694 1171 1754 memoriae

189 1776 343 1852 proditum
363 1780 442 1838 est.“
476 1775 558 1836 dicto
580 1783 763 1850 paruerunt,
785 1775 992 1859 detractisque
1013 1777 1106 1837 irenis
1122 1777 1170 1837 bis

130 1881 132 1884 ·
188 1861 267 1922 ultro
284 1859 422 1935 citroque
437 1874 507 1920 cum
520 1874 632 1934 magna
647 1867 750 1935 strage
764 1858 907 1935 hostium,
922 1860 1059 1921 infractis
1075 1861 1170 1922 omni·

189 1944 246 2004 bus
261 1943 367 2016 hastis,
383 1949 638 2004 transcmrerunt.
661 1943 812 2018 dissipato
827 1959 937 2018 cuneo,
953 1944 983 2004 in
1000 1946 1170 2020 quaomnia

189 2042 264 2103 spes
289 2027 402 2101 luerat,
428 2026 569 2088 Celtiberi
589 2025 744 2102 trepidare
764 2034 795 2087 et
815 2043 913 2104 prope
934 2027 1049 2090 omissa
1067 2044 1170 2105 pugna

187 2112 289 2172 locum
311 2111 402 2186 iugae
423 2111 668 2185 circumspicere.
703 2119 734 2172 et
752 2112 838 2171 alarii
863 2113 983 2188 equites
1007 2120 1172 2189 postquam

188 2197 398 2257 Romanorum
418 2195 555 2270 equitum
575 2202 637 2256 tam
654 2195 851 2256 memorabile
865 2197 985 2257 lacinus
999 2196 1120 2270 videre,
1133 2189 1173 2257 'et

187 2279 249 2356 ipsi
269 2280 380 2341 virtute
400 2294 506 2340 eorum
527 2279 651 2339 accensi
671 2279 738 2340 sine
752 2278 843 2340 ullius
864 2278 993 2357 imperio
1009 2281 1039 2340 in
1054 2289 1172 2356 pertur-

188 2363 278 2425 batos
303 2363 364 2423 iam
383 2363 490 2424 hostes
518 2377 618 2437 equos
637 2362 805 2423 immittunt.
841 2368 915 2424 tunc
936 2378 1009 2425 vero
1032 2363 1172 2424 Celtiberi

190 2461 297 2506 omnes
312 2447 344 2506 in
358 2447 462 2520 lugam
473 2443 678 2520 effunduntur,
693 2452 724 2506 et
737 2447 902 2521 imperator
913 2449 1069 2508 Romanus
1084 2462 1171 2507 aver·
1283 2445 1285 2514 l

189 2545 244 2590 sos
258 2528 365 2590 hostes
377 2529 600 2604 contemplatus
613 2529 721 2590 aedem
731 2529 885 2591 Fortunae
896 2532 1033 2607 equestri
1042 2530 1172 2606 Iovique
1284 2573 1285 2576 ,

189 2613 305 2689 optimo
320 2614 452 2674 maximo
464 2613 555 2674 ludos
566 2613 660 2674 vovit.
676 2615 845 2676 caeduntur
857 2614 997 2677 celtiberi
1010 2631 1064 2691 per
1075 2621 1173 2676 totum

190 2698 301 2758 saltum
328 2696 468 2773 dissipati
494 2697 575 2772 luga.
612 2698 718 2758 decem
738 2706 769 2759 et
789 2708 906 2774 septem
932 2699 1015 2760 milia
1038 2700 1172 2760 hostium

190 2796 284 2842 caesa
298 2795 335 2841 eo
351 2781 401 2842 die
416 2781 584 2856 traduntur,
601 2783 662 2843 vivi
676 2781 757 2857 capti
772 2783 842 2859 plus
855 2789 998 2858 quattuor
1008 2784 1099 2857 milia,
1116 2783 1171 2843 du-

190 2863 288 2927 centis
308 2867 502 2943 septuaginta
522 2874 639 2941 septem
662 2883 729 2928 cum
752 2865 848 2943 siguis
869 2865 1061 2941 militaribus,
1083 2867 1172 2943 equis

191 2964 290 3025 prope
305 2950 387 3009 mille
402 2956 533 3010 centum.
560 2951 651 3010 nullis
667 2950 775 3011 castris
791 2967 829 3011 eo
844 2952 894 3011 die
908 2951 1005 3011 victor
1018 2952 1173 3011 exercitus

190 3029 311 3091 mansit.
339 3031 467 3093 victoria
488 3048 549 3093 non
571 3033 638 3095 sine
659 3036 775 3095 iactura
796 3035 920 3095 militum
935 3035 1005 3096 fuit:
1027 3032 1172 3110 quadrin-

190 3114 273 3190 genti
294 3116 487 3191 septuagintc
507 3118 569 3178 duo
590 3118 700 3180 milites
720 3119 864 3193 Romani,
885 3120 1004 3180 socium
1024 3135 1061 3178 ae
1075 3117 1173 3178 Latini

191 3197 323 3259 nominis
337 3199 419 3259 mille
433 3200 538 3260 decem
554 3207 585 3261 et
598 3217 718 3278 novem,
733 3218 802 3263 cum
816 3202 864 3263 his
878 3202 936 3264 tria
949 3202 1031 3263 milia
1045 3201 1173 3261 militum

191 3281 420 3343 auxiliariorum
448 3284 612 3357 perierunt.
647 3283 689 3345 ita
716 3286 815 3347 victor
843 3287 996 3347 exercitus
1025 3292 1173 3345 renovata

191 3367 295 3444 priore
314 3365 412 3442 gloria
425 3369 628 3429 Tarraconem
647 3376 693 3430 est
708 3370 884 3444 perductus.
918 3370 1050 3431 venienti
1064 3367 1172 3430 Fulvio

188 3447 235 3511 ri.
251 3449 454 3523 Sempronius
469 3459 606 3528 praetor,
629 3454 680 3529 qui
694 3454 789 3515 biduo
804 3463 875 3515 ante
891 3461 1031 3526 venerat,
1050 3451 1172 3515 obviam
