2574 3954
303 221 420 282 LIBER
433 223 521 284 XLII.
545 223 627 284 cnP.
642 232 686 290 ol.
700 234 744 289 65·
767 232 803 300 [a.
816 231 849 284 c.
862 229 922 302 171]
1042 228 1103 291 185

119 371 269 438 incendio
289 381 465 450 opportuna
488 388 574 449 esse,
603 377 687 436 loces
703 375 886 453 taedamque
898 383 931 437 et
944 378 1102 440 malleolos

123 465 257 534 stuppae
278 456 372 518 illitos
391 457 461 534 pice
479 458 582 535 pereni
602 457 702 530 iubet3
727 465 821 536 atque
842 461 884 522 ita
898 461 1102 526 mediaruocte

121 541 300 618 pluresue,¹
318 548 354 602 ut
372 541 469 618 pnma
488 542 557 604 luce
570 541 739 618 adgressus
756 544 881 606 falleret.
903 544 1100 622 requiquam.

122 625 242 702 primae
257 624 406 686 stationes
427 641 600 704 oppressae
617 628 747 690 tumtum
763 642 800 688 ac
816 635 936 690 terrore
948 644 1005 690 suo
1021 637 1101 690 cete-

120 725 177 771 ros
198 709 422 783 excitaverunt,
448 709 632 788 signumque
655 711 759 775 delum
782 718 831 772 est
850 725 935 772 anna
948 716 1101 791 extemplo

124 790 288 868 capiendis
308 791 461 869 smulque
475 793 505 853 ln
522 793 611 866 rallm
634 793 675 854 ad
689 802 811 870 portas,
832 795 921 858 mdes
935 793 1101 858 instructus

121 883 199 938 erat.
221 881 253 936 et
268 873 302 912 *³⁸
316 876 556 952 oppugnationis
573 883 743 939 castrorum
756 877 888 941 Perseus
903 885 934 940 et
948 883 1100 956 extemplo

123 958 303 1034 circumegit
323 961 435 1034 aciem,
457 965 489 1021 et
507 961 606 1036 prima
619 961 837 1036 impedimenta
852 961 906 1037 irc,
921 962 1033 1028 deiude
1048 980 1100 1040 pe

122 1044 220 1104 ditum
244 1043 333 1118 signa
353 1043 425 1105 lcrri
440 1043 540 1105 iussit.
562 1045 632 1121 ipse
647 1059 717 1106 cum
731 1043 868 1122 equitatu
882 1053 912 1106 ct
925 1046 985 1108 levl
1003 1061 1098 1110 arma·

121 1135 192 1189 tura
206 1125 340 1189 substitit
354 1127 394 1188 ed
409 1142 518 1203 agmen
532 1129 713 1204 cogendum,
728 1135 822 1203 ratus,
838 1128 872 1190 id
886 1129 971 1207 quod
981 1131 1101 1205 eccidit,

122 1212 321 1273 insecuturos
337 1210 379 1272 ad
392 1218 527 1273 enuuma
542 1211 581 1271 alt
596 1219 683 1288 tergo
698 1213 854 1288 carpenda
867 1213 983 1275 hostes.
1007 1214 1102 1276 breve

122 1301 278 1358 certamen
298 1295 377 1356 levis
396 1302 567 1358 armaturea
581 1295 724 1362 ¹manime
743 1310 812 1357 cum
832 1299 1100 1372 procursatoribus

122 1378 195 1440 lults
216 1377 338 1454 equites
351 1379 535 1456 peditesque
549 1377 616 1439 sine
630 1379 802 1440 tumultuin
819 1385 921 1440 eastra
933 1380 1099 1443 redierunt.

207 1463 363 1526 Demeesie
387 1463 470 1524 eirca
491 1461 649 1537 segonius
660 1461 790 1524 Romani
803 1462 844 1523 ad
858 1463 1041 1525 &monium
1056 1465 1100 1524 in-

122 1555 237 1610 tactum
254 1557 361 1622 agrum
382 1553 483 1608 eastra
503 1553 635 1608 mouent.
664 1545 705 1606 ibi
726 1561 796 1608 cum
810 1544 912 1609 securi
928 1554 959 1608 et
975 1555 1100 1624 propter

121 1637 293 1694 castrorum
316 1627 567 1708 longinquitatem
589 1636 619 1691 et
640 1629 709 1690 viae
728 1629 831 1708 inopis
853 1646 1000 1708 aquarum
1022 1632 1101 1692 dilli-

123 1717 283 1790 cultatem,
308 1729 390 1792 qnae
410 1712 488 1775 inter
509 1711 673 1793 Sycurium
694 1721 724 1774 et
746 1713 886 1776 Crannone
907 1723 964 1788 esi,
991 1717 1098 1777 stativs

120 1798 282 1872 haberent,
309 1805 436 1874 reponte
459 1799 557 1878 plima
579 1799 649 1858 luce
672 1798 703 1858 in
727 1797 954 1860 imminentibus
978 1799 1099 1860 tumulis

120 1883 275 1959 equitatus
289 1880 393 1958 regius
412 1897 480 1944 cum
495 1882 555 1942 levi
569 1889 721 1942 armatura
730 1882 818 1942 visus
828 1882 981 1958 ingentem
991 1884 1099 1944 tumul-

120 1975 185 2028 tum
201 1965 281 2026 lecit.
304 1964 403 2046 pridie
417 1981 475 2043 per
487 1964 645 2027 meridiem
659 1966 788 2042 proiecti
800 1964 839 2026 ab
850 1963 984 2046 Sycurio
996 1973 1098 2036 erant;

120 2050 259 2127 peditum
275 2063 384 2124 agmen
402 2050 461 2112 sub
476 2050 545 2111 luce
559 2049 748 2126 reliquerant
763 2049 795 2108 in
809 2051 950 2126 proxima
965 2050 1099 2126 planitie.

121 2133 204 2196 stetit
225 2133 385 2213 paulisper
399 2134 430 2194 in
446 2133 585 2207 tumulis,
605 2133 675 2194 elici
690 2149 787 2210 posse
800 2140 885 2195 ratus
900 2134 942 2196 ad
955 2142 1100 2209 equestre

121 2225 275 2280 certamen
289 2217 464 2288 Romanum
487 2216 539 2293 qui
554 2223 720 2293 postquam
734 2215 809 2276 nihil
824 2217 997 2290 movebant,
1014 2217 1099 2291 equi-

119 2308 180 2362 tem
199 2301 288 2362 mittit
302 2301 355 2378 qui
370 2300 492 2378 pedites
506 2300 622 2360 reterre
636 2300 677 2362 ad
691 2299 854 2378 Sycurium
869 2299 958 2375 signa
972 2297 1098 2373 iuberet,

119 2387 189 2463 ipse
209 2400 282 2446 mox
303 2383 471 2447 insecutus.
505 2384 635 2446 Romani
656 2385 777 2460 equites
797 2384 919 2446 modico
940 2383 1099 2445 intervallo

118 2477 297 2548 sequentes,
312 2469 411 2531 sicubi
426 2484 555 2546 sparsos
571 2483 607 2529 ac
621 2468 790 2545 dissipatos
802 2467 949 2531 invadere
961 2475 1099 2544 possent,

117 2561 284 2632 postquam
298 2555 455 2615 confertos
471 2551 564 2628 abire,
586 2552 675 2628 signa
689 2559 783 2630 alque
797 2552 922 2615 ordines
939 2558 1099 2613 servantes

98 2713 101 2718 .
116 2637 270 2710 viderunt,
285 2644 315 2698 et
328 2636 388 2715 ipsi
403 2638 435 2698 in
450 2643 551 2698 castre
564 2636 703 2698 redeunt.
835 2693 837 2696 .

164 2797 166 2801 v
203 2721 293 2780 LXV.
321 2721 396 2784 Inde
421 2721 561 2782 offensus
590 2720 809 2796 longinquitate
836 2717 951 2780 itineris
977 2735 1033 2780 rex
1060 2719 1100 2778 ad
1168 2737 1170 2743 ’

118 2805 292 2881 Mopselum
304 2812 405 2866 castra
415 2804 525 2875 movit;
546 2810 576 2865 et
586 2804 716 2867 Romani
727 2802 878 2864 demessis
891 2801 1038 2864 Granonis
1050 2816 1099 2861 se·

117 2888 239 2964 getibus
264 2887 297 2950 in
319 2888 544 2950 Phalannaeum
569 2901 675 2962 agrum
700 2893 867 2948 transeunt.
899 2883 940 2946 ibi
966 2899 1035 2948 curn
1060 2899 1099 2944 ex

116 2973 276 3048 transfuga
299 2979 468 3050 cognosset
484 2971 623 3034 retusius
643 2972 705 3034 ullo
720 2975 836 3032 armato
858 2968 1014 3046 praesidio
1028 2984 1099 3044 pas-

118 3056 175 3116 sim
192 3064 339 3132 vagantes
351 3073 407 3134 por
422 3072 514 3134 agros
524 3057 682 3118 Romanos
696 3060 825 3129 numere,
841 3069 910 3115 cum
920 3052 1002 3114 mille
1011 3053 1099 3129 equi·

117 3140 214 3215 tibus,
235 3140 357 3203 duobus
377 3140 499 3203 milibus
513 3139 662 3202 Thracum
684 3147 716 3202 et
728 3138 917 3200 Cretensium
931 3137 1098 3213 proiectus,

118 3239 188 3284 cum
203 3231 350 3300 quantum
365 3227 539 3286 accelerare
553 3229 674 3301 poterat
687 3221 788 3284 ellum
803 3221 923 3298 egrruine
937 3220 1031 3292 isset,‘
1044 3219 1099 3280 inu·

118 3306 245 3382 proviso
260 3309 430 3386 adgressus
445 3315 494 3370 est
505 3310 673 3370 Romanos.
704 3305 807 3368 iuncta
819 3304 975 3378 vehicula,
999 3304 1095 3378 plera-

119 3405 180 3466 que
190 3399 316 3466 onusta,
328 3393 411 3455 mille
422 3392 588 3456 admodum
600 3392 774 3468 capiuntur,
787 3387 926 3450 sexcenti
937 3388 1032 3446 lerme
1043 3385 1100 3446 ho·

118 3474 225 3537 mines.
258 3477 404 3552 praedem
430 3476 662 3538 custodiendam
683 3473 918 3548 ducendamque
939 3471 969 3528 in
998 3475 1098 3528 castra
