2592 3964
263 238 376 298 [ABER
390 239 522 300 xxxix.
545 239 628 300 chP.
643 250 687 301 so.
698 249 741 302 sl.
763 246 798 314 [a.
807 246 838 298 c.
848 248 909 315 18³]
1042 244 1086 308 47

102 389 271 450 memoriae
287 389 461 449 mandatum
474 389 513 449 sit
527 397 588 449 tres
610 389 710 450 claros
730 389 931 466 imperatores
948 407 986 453 eo
1004 410 1090 454 anno

103 473 299 548 decessisse,
313 472 597 549 Philopoemenem,
611 471 828 546 Hannibalem,
848 473 881 532 P.
899 473 1087 550 Scipionem.

102 557 187 617 adeo
211 557 241 616 in
267 571 368 632 aequo
393 571 462 617 eum
483 556 611 616 duarum
640 556 921 631 potentissimarum
952 562 1089 633 gentium

102 641 232 702 summis
248 639 482 716 imperatoribus
497 646 676 716 posuerunt.
1086 631 1090 646 ’

188 724 236 784 LI.
259 725 309 784 Ad
322 723 460 784 Prusiam
479 739 582 799 regem
597 725 715 798 legatus
729 723 761 782 T.
775 721 932 797 Quinctius
944 727 1083 788 Flamini-

102 825 163 868 nus
187 809 283 880 venit,
313 823 404 881 quern
428 814 605 882 suspectum
624 807 772 868 Romanis
800 815 829 867 et
848 818 992 884 receptus
1013 820 1085 887 post

102 892 208 966 lugam
220 891 364 952 Antiochi
384 891 535 952 Hannibal
558 899 587 950 et
609 891 721 952 bellum
745 891 895 952 adversus
917 893 1086 956 Eumenem

102 981 218 1036 motum
234 974 373 1038 iaciebat.
403 974 444 1035 lbi
459 991 516 1035 seu
531 975 603 1050 quia
617 991 636 1034 a
649 975 816 1036 Flaminino
828 974 905 1036 inter
916 985 1018 1038 catera
1030 979 1084 1039 ob-

102 1059 215 1120 iectum
228 1058 352 1120 Prusiae
367 1063 432 1120 erat
450 1058 603 1118 hominem
625 1060 759 1119 omniurn
780 1059 832 1136 qui
855 1060 993 1122 viverent
1008 1061 1083 1122 inle-

102 1141 271 1204 stissirnuur
295 1144 411 1219 populo
431 1143 570 1203 Romano
591 1143 675 1219 apud
696 1159 765 1203 eum
785 1158 871 1216 esse,
893 1146 946 1220 qui
968 1147 1086 1222 patriae

101 1241 179 1287 suae
192 1227 336 1304 primum,
354 1225 466 1286 deinde
494 1225 597 1286 lraetis
623 1227 690 1286 eius
719 1225 829 1302 opibus
850 1228 1003 1289 Antiocho
1018 1231 1085 1305 regi

101 1317 211 1371 auctor
234 1309 306 1373 belli
331 1311 483 1372 adversus
509 1310 656 1386 populum
674 1311 846 1371 Romanum
871 1311 994 1383 luisset;
1026 1329 1086 1376 seu

102 1394 176 1472 quia
195 1393 264 1471 ipse
284 1393 423 1467 Prusias,
448 1400 481 1455 ut
498 1393 718 1470 gratificaretur
739 1396 893 1469 praesenti
913 1395 1085 1455 Flaminino

100 1478 327 1553 Romanisque,
344 1494 399 1554 per
412 1492 448 1539 sc
462 1476 594 1538 necandi
617 1483 669 1538 aut
695 1477 835 1538 tradendi
860 1478 926 1538 cius
951 1478 981 1538 in
997 1488 1080 1554 pote

101 1567 212 1622 statera
226 1561 387 1622 consilium
404 1561 499 1638 cepit3
515 1577 535 1622 a
549 1561 647 1637 primo
662 1560 816 1637 colloquio
830 1560 989 1622 Flaminini
1006 1562 1083 1622 mili-

102 1655 149 1708 tes
164 1647 318 1722 extemplo
338 1646 379 1705 ad
394 1645 518 1707 domum
539 1643 718 1706 Hannibalis
738 1644 973 1706 custodiendum
994 1646 1084 1707 missi

101 1735 181 1792 sunt.
210 1744 333 1805 semper
346 1729 437 1790 talem
452 1729 567 1790 exitum
589 1729 668 1788 vitae
688 1743 765 1788 suae
785 1727 936 1789 Hannibal
951 1745 1082 1805 prospe·

101 1819 190 1874 xerat
202 1812 303 1874 animo
319 1820 350 1873 et
362 1814 569 1876 Romanorum
590 1811 776 1888 inexpiabile
797 1812 901 1873 odium
916 1811 946 1871 in
963 1829 999 1874 se
1016 1828 1081 1872 cer-

102 1911 194 1972 nens,
219 1896 346 1964 et,lldei
370 1912 476 1972 regum
496 1895 570 1957 nihil
591 1910 667 1956 sane
682 1895 835 1957 confisus:
863 1895 991 1958 Prusiae
1007 1912 1086 1956 vero

101 1981 254 2042 levitatem
269 1981 358 2040 etiam
373 1987 518 2057 expertus
533 1986 612 2040 aratz
640 1979 798 2038 Flaminini
820 1995 945 2056 quoque
966 1980 1079 2040 adven-

101 2071 164 2125 turn
179 2066 264 2125 velut
277 2063 399 2125 lalaleur
422 2063 482 2124 sibi
501 2062 671 2124 horruerat.
699 2063 740 2121 ad
761 2063 863 2122 omniu
884 2063 1021 2139 undiquc
1036 2063 1081 2122 in-

102 2147 195 2223 testa,
214 2154 247 2208 ut
260 2147 318 2208 iter
331 2151 454 2224 semper
470 2146 597 2222 aliquod
611 2151 826 2222 praeparatum
838 2145 928 2220 lagae
946 2145 1083 2222 haberet,

102 2239 221 2310 septem
238 2231 338 2293 exitus
354 2235 372 2292 e'
387 2231 480 2291 domo
495 2231 625 2304 lecerat,
641 2235 671 2290 et
690 2245 729 2288 ex
750 2229 788 2288 iis
810 2228 962 2302 quosdam
978 2232 1080 2289 occul-

103 2322 167 2392 tos,
182 2332 222 2376 nc
237 2315 377 2376 custodia
391 2314 593 2391 saepirentur.
622 2313 679 2374 sed
693 2327 787 2388 grave
802 2311 961 2387 imperium
976 2327 1084 2386 regum

101 2399 175 2461 nihil
190 2399 430 2475 inexploratum,
452 2399 534 2474 quoa
559 2397 701 2472 vestigari
724 2397 842 2469 volunt,
858 2394 961 2455 elficit.
988 2395 1080 2456 totius

101 2483 257 2544 circuitum
273 2483 382 2543 domus
398 2482 440 2542 ita
454 2480 603 2542 custodiis
618 2479 770 2557 complexi
782 2485 853 2540 sunt
864 2484 897 2539 ut
908 2493 997 2538 nemo
1009 2478 1083 2538 inde

101 2567 180 2627 elabi
195 2576 312 2643 posset.
341 2563 506 2638 Hannibal,
531 2570 696 2641 postquam
717 2569 765 2624 est
788 2563 955 2623 nuntiatum
968 2562 1080 2622 milites

101 2651 204 2726 regios
220 2650 250 2713 in
265 2649 416 2710 vestibulo
431 2665 517 2722 esse,
540 2647 675 2725 postico,
699 2647 783 2723 quod
803 2646 926 2706 devium
948 2646 1082 2706 maxime

97 2743 193 2810 ,atque
208 2733 405 2794 occultissimi
421 2733 520 2792 exitus
535 2739 614 2807 erat,
630 2732 734 2806 lugere
749 2736 893 2803 conatus,
908 2736 941 2790 ut
955 2728 987 2790 id
1004 2745 1079 2804 quo-

103 2833 162 2894 que
174 2832 306 2879 occursu
317 2817 441 2878 militum
449 2814 629 2892 obsaeptum
641 2812 738 2874 sensit
748 2818 780 2873 et
790 2813 892 2872 omnia
903 2812 984 2872 circa
997 2813 1078 2874 clau

102 2918 137 2961 sa
157 2901 305 2963 custodiis
326 2899 487 2976 dispositis
509 2914 594 2972 esse,
617 2913 768 2958 venenum
789 2896 872 2971 quod
894 2895 987 2956 multo
1009 2902 1079 2957 ante

102 2991 316 3061 praeparatum
331 2985 371 3044 ad
390 2983 466 3044 tales
487 2981 619 3042 habebat
640 2997 746 3053 casus,
771 2978 923 3056 poposcit.
950 2979 1077 3055 „libere-

102 3073 190 3130 mus“
205 3068 304 3144 inquit
322 3067 485 3143 „diuturna
505 3081 579 3127 cura
595 3066 742 3141 populum
757 3063 935 3137 Romanum,
953 3064 1079 3140 quando

102 3160 228 3213 mortem
243 3151 327 3213 senis
350 3157 531 3228 exspectare
556 3149 679 3223 longum
701 3155 835 3208 censent.
864 3163 921 3208 nee
937 3163 1079 3223 magnam

102 3252 158 3296 nec
171 3235 398 3297 memorabilem
412 3251 452 3295 ex
467 3234 571 3294 inermi
586 3232 770 3309 proditoque
780 3230 966 3291 Flamininus
981 3232 1077 3291 victo·

102 3321 174 3380 n'am
190 3321 275 3381 leret.
303 3334 405 3379 mores
421 3318 542 3392 quidem
558 3317 664 3393 populi
678 3314 807 3376 Romani
823 3322 965 3390 quantum
982 3321 1077 3374 muta-

103 3404 213 3478 verint,
236 3405 285 3464 vel
305 3403 354 3462 hia
372 3399 440 3462 dics
462 3408 640 3476 argumento
664 3399 729 3459 erit.
757 3398 864 3458 horum
886 3404 987 3472 patres
1001 3396 1078 3473 Pyr·

102 3487 155 3547 rho
171 3487 250 3564 regi,
267 3485 348 3548 hosti
367 3490 496 3560 armato,
513 3483 678 3545 exercitum
701 3483 731 3542 in
754 3481 841 3542 ltalia
860 3479 995 3552 habenti,
1012 3485 1076 3540 uta
