2574 3954
288 209 741 278 irremuneratam.
764 219 921 288 [acmen
1038 209 1101 277 233

112 367 183 428 dux
197 379 314 427 eorum.
342 361 536 426 venientibus
550 363 599 426 his
609 364 742 427 Perseus
755 365 793 426 ab
804 365 921 443 linipao
936 381 976 427 ert
992 366 1101 428 castris

118 449 277 527 proiectus
293 446 414 508 obviam
430 461 498 510 cum
513 445 638 510 dimidia
652 448 810 525 copiarum
823 455 912 526 parte
923 449 1102 512 denuntiare

118 548 176 610 per
189 529 279 594 vicos
290 529 460 606 urbesque,
483 546 563 607 quae
577 531 647 592 viae
664 533 860 609 propinquae
879 540 963 607 sunt,
990 534 1101 610 coepit,

117 623 153 678 ut
167 621 355 677 commeatus
371 615 559 691 expedirent,
574 615 715 677 frumenti
725 617 788 677 vini
801 631 950 694 pecorum
964 622 998 680 ut
1012 617 1103 694 copia

115 707 212 762 esset.
241 699 310 776 ipse
324 714 425 774 equos
440 698 647 774 phalerasque
662 707 693 760 et
707 702 816 776 sagula
829 700 943 763 donum
958 700 1102 778 principi·

117 783 179 846 bus
200 784 295 856 ferre,
319 788 350 843 et
368 796 478 857 parum
498 782 579 858 auri,
605 783 690 859 quod
709 783 789 845 inter
807 799 928 862 paucos
943 783 1103 860 divideret,

119 863 342 951 multitudinem
355 864 486 926 credens
497 866 575 927 trahi
587 881 758 943 speposse.
780 868 820 931 ad
830 867 1104 929 Almanamurbem

120 948 270 1028 pervenit,
282 949 356 1010 etin
370 949 439 1025 ripa
453 948 587 1010 fluminis
602 950 673 1011 Axii
687 949 793 1027 posuit
807 959 917 1015 castra.
948 951 1032 1013 circa
1044 953 1102 1012 De·

120 1033 271 1096 sudabam
286 1032 317 1092 in
328 1031 468 1094 Maedica
482 1033 636 1095 exercitus
651 1034 805 1098 Gallorum
817 1035 1011 1111 consederat,
1025 1050 1103 1094 mer-

120 1118 229 1180 cedem
243 1121 363 1193 paetam
377 1114 552 1192 opperiens.
589 1132 626 1178 eo
648 1117 736 1179 mittit
748 1119 949 1194 Antigonum,
971 1134 1012 1180 ex
1032 1134 1104 1195 pur·

120 1201 239 1277 puratis
255 1215 358 1274 unum,
374 1198 427 1276 qui
438 1199 556 1262 iuberet
575 1201 797 1264 multitudinem
816 1203 971 1264 Gallorum
985 1202 1025 1263 ad
1041 1203 1104 1280 By·

120 1287 226 1346 lazora
237 1280 447 1346 -Paeoniae
463 1284 490 1344 is
503 1285 591 1345 loeus
606 1291 655 1346 est
667 1319 710 1331 —
725 1292 827 1347 castra
842 1301 976 1359 movere,
992 1285 1104 1361 prinoi-

119 1385 179 1446 pes
195 1368 235 1429 ad
250 1382 285 1428 se
300 1367 407 1429 venire
427 1367 615 1442 trequentes.
650 1369 846 1444 septuaginta
866 1369 1002 1446 quinque
1022 1365 1105 1427 milia

121 1452 161 1514 ab
176 1449 257 1512 Axio
272 1447 397 1513 flumine
413 1456 444 1512 et
458 1450 568 1512 ansuis
587 1448 683 1527 regiis
702 1450 838 1513 aberant.
871 1451 949 1512 haec
962 1451 1105 1512 mandata

122 1534 163 1598 ad
177 1551 234 1597 eos
248 1550 316 1602 eum
330 1533 508 1610 pertulisset
516 1533 698 1610 Antigonus,
715 1534 944 1611 adiecissetque
957 1532 1105 1611 perviam

122 1627 266 1696 quantam
279 1619 413 1680 omnium
424 1624 637 1695 praeparatam
649 1635 722 1679 cura
732 1616 815 1694 regis
827 1618 948 1695 copiam
953 1616 1106 1678 inventuri

122 1705 232 1777 forent,
249 1699 423 1779 quibusque
435 1702 613 1764 muneribus
628 1702 785 1778 principes
799 1702 998 1763 advenientes
1008 1700 1105 1762 vestis

121 1785 242 1862 argenti
255 1800 468 1862 equorumque
483 1794 670 1862 excepturus
683 1801 740 1846 rex
754 1791 846 1860 esset,
862 1786 901 1845 de
915 1784 965 1846 bis
981 1783 1105 1860 quidem

123 1886 161 1932 aa
184 1885 288 1931 coram
313 1869 490 1946 cognituros
510 1869 713 1946 respondent,
739 1867 822 1942 illud,
849 1868 934 1945 quod
955 1881 1105 1944 praeseus

123 1952 324 2032 pepigissent,
338 1953 533 2028 interrogant,
556 1951 668 2029 ecquid
684 1968 800 2026 aurum,
821 1952 904 2029 quod
920 1951 950 2012 in
966 1951 1106 2027 singulos

123 2036 244 2114 pedites
261 2037 443 2113 equitesque
458 2035 654 2098 dividendum
670 2044 768 2106 esset,
792 2033 897 2098 seeum
916 2036 1105 2097 adduxisset.

124 2135 196 2192 eum
210 2120 296 2181 adid
310 2117 383 2181 nihil
403 2120 657 2197 responderetur,
677 2115 843 2182 Clondicus
859 2119 985 2194 regulus
1000 2131 1107 2179 eorum

124 2202 205 2280 ‚,abi‚
220 2204 360 2264 renuntia
375 2208 470 2279 ergo“
484 2201 584 2279 inquit
604 2248 621 2277 ‚,
629 2202 705 2276 regi,
720 2198 780 2262 nisi
794 2217 901 2264 aarum
916 2200 1106 2277 obsidesque

125 2287 336 2363 accepissent,
357 2301 511 2363 nusquam
525 2285 597 2346 inde
613 2285 717 2345 Gallos
732 2283 854 2359 longius
865 2283 1028 2361 vestigium
1041 2299 1106 2345 mo·

125 2374 243 2433 turos.“
254 2371 332 2431 haee
342 2370 439 2430 relata
449 2369 514 2445 regi
527 2383 596 2430 cum
606 2375 721 2442 essent,
732 2367 884 2430 advocato
896 2365 1026 2430 consilio
1038 2382 1108 2428 eum

127 2453 203 2530 quid
217 2469 324 2515 omnes
338 2453 463 2514 suasuri
473 2460 578 2514 essent
589 2460 761 2528 appareret,
775 2452 842 2528 ipse
854 2451 1004 2529 pecuniae
1016 2465 1108 2528 quam

125 2535 213 2614 regni
227 2538 335 2599 melior
350 2545 456 2599 custos
470 2536 577 2598 institit
590 2537 629 2597 de
640 2535 771 2611 perfidia
784 2543 814 2597 et
824 2536 941 2598 feritate
953 2535 1108 2596 Gallorum

127 2623 292 2695 disserere,
306 2621 469 2700 multorum
483 2619 543 2680 lam
558 2628 628 2682 ante
643 2616 782 2681 cladibus
797 2626 940 2695 experta:
955 2619 1107 2695 periculo·

127 2699 197 2766 'sum
218 2719 290 2766 esse
309 2711 421 2766 tanam
440 2702 661 2764 multitudinem
681 2703 711 2762 in
730 2702 942 2777 Macedoniam
956 2702 1107 2778 accipere,

126 2805 167 2848 ne
187 2787 347 2864 graviores
366 2802 423 2849 eos
443 2786 546 2849 socios
567 2786 701 2848 babeant
715 2802 804 2863 quarn
819 2784 926 2848 hostes
941 2787 1108 2846 Romanos.

129 2872 268 2949 quinque
281 2869 364 2932 milia
379 2869 515 2947 equitum
530 2869 606 2932 satis
621 2885 702 2942 esse,
720 2869 831 2944 quibus
844 2875 874 2930 et
886 2867 930 2929 uti
945 2869 985 2928 ad
996 2868 1109 2929 bellum

126 2963 273 3033 possent,
309 2962 339 3017 et
375 2971 506 3031 quorum
539 2953 759 3016 multitudinem
795 2953 856 3029 ipsi
884 2967 947 3014 non
974 2952 1109 3012 timeant.

127 3039 249 3100 XXVll.
279 3039 448 3114 apparebat
467 3039 539 3100 inde
560 3038 701 3101 omnibus
721 3036 894 3100 mercedem
910 3035 1108 3099 multitudinis

128 3123 245 3194 timere,
262 3135 320 3180 nec
336 3122 500 3198 quiequam
515 3123 613 3184 aliud:
635 3123 691 3183 sed
707 3138 776 3183 eum
791 3122 924 3183 suadere
938 3120 1109 3182 consulenti

127 3220 220 3268 nemo
236 3203 370 3277 auderet,
385 3205 543 3268 remittitur
552 3206 735 3282 Antigonus,
748 3206 801 3282 qui
811 3204 964 3267 nuntiaret
974 3204 1110 3280 quinque

128 3288 245 3351 milium
260 3287 397 3363 equitum
412 3304 508 3365 opera
522 3296 637 3352 tantum
652 3290 696 3351 uti
709 3305 822 3367 regem,
837 3306 900 3351 non
915 3297 1019 3351 tenere
1033 3287 1108 3346 mul·

129 3369 289 3434 titudinem
305 3371 403 3432 aliam.
440 3369 525 3448 quod
545 3373 597 3436 ubi
615 3374 760 3436 audivere
779 3372 917 3448 barbari,
939 3378 1109 3432 ceterorum

132 3455 256 3534 quidem
272 3455 408 3519 fremitus
423 3457 479 3542 iuli
491 3457 712 3534 indignantium
727 3473 761 3518 se
776 3458 888 3518 frustra
899 3453 1017 3515 excitos
1028 3453 1109 3514 sedi·
