2598 3956
191 229 235 292 06
366 227 482 288 LIBER
496 227 556 286 XL.
580 226 663 286 CAP.
681 236 722 288 14.
735 235 778 288 15.
802 232 839 298 [a.
851 231 886 282 U.
899 247 923 282 c.
935 229 998 296 570]

190 377 334 442 convivio
346 376 447 438 soluto
463 391 532 438 cum
544 376 709 438 comisator
720 390 779 450 ego
791 375 1019 450 discessissem,
1031 383 1178 452 quattuor
1287 399 1288 424 ι

191 461 409 535 substitissent,
424 466 457 521 ut
467 459 602 535 sopitum
614 465 645 520 te
656 459 905 536 adgrederentur,
922 460 1078 536 quomodo
1090 461 1176 520 tetel-

190 547 301 609 lissent
313 551 344 606 et
352 543 444 605 alieni
456 550 486 605 et
496 543 556 604 mei
567 550 599 604 et
610 543 742 604 maxime
753 543 901 620 suspecti,
918 543 990 620 quie
1000 545 1094 622 paulo
1105 550 1178 604 ante

190 633 221 692 in
235 629 304 690 rixa
316 629 458 690 fuerant?
481 629 637 704 quomodo
653 634 755 690 autem
769 627 919 691 trucidato
933 635 964 690 te
977 628 1039 704 ipsi
1054 628 1177 688 evasuri

191 715 334 776 fuerumt
364 719 509 788 quattuor
531 713 642 789 gladiis
663 712 774 774 domus
793 719 846 774 tua
866 713 935 789 capi
956 719 986 772 et
1006 712 1177 788 expugnari

191 796 312 874 potttitt
342 796 408 857 XV.
438 797 511 872 quin
532 805 566 858 tu
586 797 703 856 omissa
721 797 781 858 ista
801 804 951 858 nootmna
972 796 1076 858 tabida
1090 795 1130 856 ad
1144 795 1175 854 id
1288 873 1289 876 Ἴ

193 882 278 958 quod
293 881 390 956 doles,
407 882 490 956 quod
505 881 651 942 invidiam
665 880 734 954 urit,
749 880 933 941 reverteris?
954 895 1031 955 „eur
1043 895 1176 955 usquam

191 965 278 1041 regni
293 966 336 1026 tui
351 965 461 1025 mentio
477 963 525 1037 fit,
546 965 707 1025 Demetrii
724 978 778 1025 cur
792 963 912 1039 dignior
926 963 1021 1040 patris
1037 965 1178 1024 fortunae

193 1064 361 1112 successor
375 1047 560 1124 quibusdam
570 1047 686 1109 videris
699 1063 791 1123 quatu
802 1055 882 1124 egoi
903 1064 959 1110 our
969 1063 1058 1124 spem
1069 1062 1176 1119 meam,

195 1149 285 1210 quae,
300 1132 328 1192 si
343 1139 376 1192 tu
389 1148 450 1193 non
465 1145 570 1204 esses,
587 1138 671 1192 certa
685 1138 758 1205 eret,
774 1131 899 1193 dubiam
912 1141 945 1194 ct
958 1129 1119 1194 sollicitem
1134 1131 1178 1190 ia·

195 1220 240 1278 cis
247 1219 281 1276 t“
303 1215 381 1278 haec
395 1215 489 1278 sentit
499 1214 649 1289 Perseus,
664 1215 722 1276 etsi
738 1231 798 1276 non
814 1215 902 1287 dicim
924 1217 1002 1277 baec
1017 1215 1108 1276 istum
1121 1213 1177 1273 ini·
1289 1213 1290 1242 ι

193 1300 320 1374 micum,
341 1298 421 1362 haec
440 1306 651 1362 accusatorem
672 1298 804 1368 iaciunt3
838 1299 915 1360 baec
937 1301 1076 1373 domum,
1101 1298 1178 1358 haec
1289 1295 1290 1310 ¹

193 1399 321 1460 regnum
345 1390 432 1446 tuum
454 1383 632 1444 criminibus
652 1391 683 1444 et
703 1382 934 1459 suspicionibus
958 1384 1088 1459 replent.
1119 1399 1175 1456 ego

194 1476 304 1542 eutem,
320 1476 422 1544 pater,
439 1484 530 1545 quem
545 1467 725 1529 admodum
740 1483 798 1528 nec
812 1483 894 1528 nunc
909 1481 1037 1544 sperare
1050 1481 1178 1541 regnum

194 1568 258 1614 neo
268 1551 423 1626 ambigere
438 1565 582 1626 umquam
597 1550 636 1611 de
650 1565 688 1612 eo
701 1551 829 1612 forsitan
842 1552 979 1624 debeam,
996 1551 1068 1627 qitia
1079 1551 1179 1610 minor

195 1652 272 1707 sum,
289 1635 365 1710 quia
375 1642 409 1696 tu
422 1651 472 1696 me
485 1633 592 1695 maiori
607 1634 719 1695 cedere
732 1635 791 1709 vis,
806 1636 851 1695 sic
866 1635 942 1696 iilud
955 1651 1013 1697 nec
1028 1634 1120 1695 debui
1134 1635 1178 1694 io-

195 1734 266 1780 cere
286 1733 344 1779 nec
366 1719 482 1792 debeo,
504 1724 537 1778 ut
549 1716 694 1793 indignus
709 1725 740 1781 te
753 1727 857 1794 patre,
877 1720 1021 1796 indiguus
1037 1718 1178 1780 omnibus

194 1803 311 1864 videar.
343 1802 375 1862 id
395 1802 476 1862 enim
496 1799 579 1863 vitiis
592 1803 684 1876 meis,
707 1819 769 1863 non
786 1803 926 1865 cedendo
942 1804 992 1864 oui,
1005 1802 1052 1863 ius
1068 1805 1179 1878 sasque

116 1901 118 1904 ’
195 1894 251 1961 est,
266 1903 328 1947 non
342 1885 495 1948 modestia
509 1901 693 1962 consequar.
714 1888 871 1948 Romanos
885 1885 982 1949 obicis
1001 1888 1082 1958 mihi,
1099 1895 1128 1947 et
1142 1902 1179 1945 ea

195 1985 278 2046 quae
290 1970 408 2045 gloriae
422 1986 495 2032 esse
510 1969 623 2032 debent
635 1972 667 2031 in
682 1971 796 2052 crimen
810 1973 915 2032 vertis.
937 1987 996 2047 epo
1012 1987 1070 2032 nec
1084 1971 1178 2032 obses

194 2053 341 2116 Romanis
356 2060 390 2114 ut
403 2055 539 2115 traderer
553 2069 610 2114 nec
625 2056 789 2131 arisgotus
803 2055 939 2117 mitterer
952 2056 1081 2117 Romam
1095 2055 1179 2130 petii.

194 2146 263 2200 ate
284 2137 399 2199 missus
426 2138 469 2198 ire
490 2154 552 2200 non
572 2141 725 2200 recusavi.
759 2147 892 2216 utroque
911 2148 1049 2215 tempore
1069 2139 1111 2198 ita
1130 2153 1179 2197 me

196 2221 296 2298 gessi,
312 2236 351 2283 ne
365 2221 419 2282 tibi
434 2222 560 2298 pudori,
581 2239 620 2282 ne
636 2237 732 2298 regno
747 2229 810 2296 tuo,
825 2237 865 2284 ne
879 2224 960 2298 genti
975 2223 1179 2284 Macedonum

195 2322 308 2370 essem.
329 2308 433 2381 itaque
448 2305 521 2370 mibi
533 2321 601 2366 cum
612 2307 760 2368 Romanis
770 2307 922 2369 amicitiae
932 2323 1029 2368 cause
1042 2316 1074 2368 tu
1086 2307 1179 2379 inisti,

196 2399 292 2466 pater.
326 2389 429 2465 quoad
449 2395 550 2452 tecum
572 2388 631 2449 iltis
657 2407 719 2465 pau¹
738 2391 885 2466 manebit,
911 2406 1031 2452 meeum
1053 2406 1179 2466 quoque

194 2474 376 2548 prebuerit:
399 2473 426 2532 si
441 2472 553 2535 betium
567 2487 639 2533 esse
650 2475 796 2551 coeperit,
813 2475 868 2552 qui
876 2475 980 2548 obses,
996 2474 1047 2550 qui
1059 2476 1178 2548 legatus

194 2573 252 2632 pro
267 2563 355 2633 patre
369 2571 431 2617 non
445 2555 559 2618 inutilis
574 2558 632 2630 iui,
648 2557 729 2619 idem
742 2559 840 2620 hostis
855 2559 915 2620 iliis
931 2559 1099 2619 acerrimus
1114 2574 1177 2618 ero.

194 2657 252 2702 nec
272 2640 365 2702 hodie
385 2646 418 2700 ut
438 2640 539 2716 prosit
557 2639 629 2701 mihi
643 2643 741 2717 gratia
755 2644 967 2705 Romanorum·
977 2643 1117 2719 postulo:
1140 2659 1179 2702 ne

108 2735 110 2741 ’
194 2725 276 2788 obsit
289 2730 405 2787 turtum
420 2725 580 2801 deprecor.
604 2741 662 2786 nec
676 2726 707 2786 in
721 2727 802 2788 betlo
814 2728 925 2805 coepit,
942 2741 999 2788 nec
1011 2728 1051 2788 ad
1065 2727 1178 2787 bellurn

192 2815 384 2872 reservetur-r
405 2811 493 2885 pacis
508 2809 619 2886 pignus
635 2809 693 2884 ini,
715 2812 754 2871 ad
769 2812 878 2886 paoem
891 2810 1080 2873 retinendam
1096 2812 1177 2885 tega-

192 2900 242 2954 tus
263 2892 377 2956 missus
398 2909 482 2954 sum:
503 2899 612 2955 neutra
630 2897 681 2954 res
700 2895 773 2954 mihi
788 2911 844 2957 nec
858 2897 976 2972 gloriae
989 2909 1046 2954 nec
1062 2895 1176 2954 crimini

193 2976 242 3036 sit.
265 2993 323 3052 ego
338 2977 366 3036 si
378 2975 453 3051 quid
466 2977 559 3051 impie
569 2979 600 3037 in
617 2985 657 3052 te,
673 2986 767 3055 pater,
784 2978 811 3040 si
825 2979 898 3055 quid
910 2979 1058 3040 scelerate
1069 2975 1098 3037 in
1117 2978 1177 3036 tra·

192 3064 267 3118 trem
284 3055 409 3133 admisi,
425 3061 538 3122 nullam
557 3061 708 3137 deprecor
722 3077 869 3138 poenam
891 3061 923 3123 si
930 3062 1082 3124 innocens
1098 3077 1176 3136 sum,

192 3156 232 3200 ne
242 3139 356 3202 invidia
367 3141 565 3220 conflagrem,
581 3161 651 3206 curn
662 3147 786 3208 crimine
796 3163 857 3208 non
871 3147 998 3222 possim,
1014 3146 1176 3222 deprecor.

192 3241 254 3286 non
274 3223 367 3287 home
389 3241 440 3288 me
452 3228 583 3303 primum
596 3231 689 3292 irater
702 3238 843 3305 accusat,
866 3232 923 3292 sed
937 3231 1031 3294 hodie
1045 3233 1177 3308 primum

192 3314 309 3384 aperies
321 3309 404 3372 nulio
419 3327 488 3372 meo
503 3310 534 3373 in
549 3329 584 3375 se
598 3315 716 3378 meritos
739 3317 766 3378 si
779 3314 852 3377 mibi
868 3325 957 3393 pater
970 3325 1177 3386 succenseret,

191 3400 225 3452 te·
240 3393 386 3456 maiorem
410 3395 532 3457 tratrem
553 3413 612 3473 pro
632 3397 751 3460 minore
771 3399 933 3477 deprecari
949 3401 1126 3478 oportebat,
1147 3410 1177 3460 te

191 3475 427 3553 adolescentiae,
442 3485 474 3540 te
488 3483 584 3544 errori
599 3482 720 3544 veniam
731 3485 905 3558 impetrare.
919 3486 962 3544 in.
972 3501 1011 3546 eo
1023 3485 1076 3545 ubi
1087 3499 1177 3560 prse-

1282 3751 1292 3920 ι
