2574 3954
193 187 257 252 210
363 188 478 249 LIBER
491 189 594 248 xhlv.
618 188 701 248 chi).
717 198 742 250 1.
754 197 781 250 a
797 195 833 262 [a.
847 195 882 247 n.
895 212 918 245 c.
931 195 994 262 sae]

278 343 300 402 l.
321 341 474 417 Principio
489 341 586 417 veris,
609 341 695 417 quod
708 340 838 402 hiemem
853 357 935 415 eam,
958 356 1019 416 qua
1030 340 1108 400 haec
1122 355 1175 415 ge-

195 435 244 488 sla
264 434 351 500 sunt,
370 428 543 486 insecutum
562 433 625 498 est,
647 425 685 484 ab
706 426 804 486 Roma
819 425 975 500 proiectus
991 423 1025 498 Q.
1039 423 1174 484 Marcius
1258 441 1259 486 l

194 510 354 586 Philippus
376 511 485 571 consul
500 524 569 570 cum
585 507 720 584 quinque
733 507 870 580 milibus,
898 509 984 582 quod
1001 508 1034 566 in
1047 508 1174 582 supple·
1258 495 1259 536 ¹

195 602 331 656 mentum
355 593 509 669 legionum
533 607 638 653 secum
661 592 842 652 traiecturus
867 600 945 666 erat,
977 590 1175 652 Brundisium

195 677 345 752 pervenit.
372 676 413 737 Μ.
439 675 587 750 Popillius
612 675 784 738 consularis
810 683 841 736 et
860 673 911 736 elii
932 675 1000 749 pari
1019 674 1176 736 nobilitate
1259 691 1260 758 1

196 761 412 823 adolescentes
442 758 554 820 tribuni
584 758 710 820 militum
736 757 769 819 in
793 757 1010 820 Macedonicas
1035 758 1176 832 legiones
1259 761 1260 834 l

195 845 354 908 consulem
375 843 473 906 secuti
487 849 568 904 sunt.
589 858 647 918 per
660 858 716 904 eos
731 843 798 903 dies
813 849 843 902 et
857 841 889 902 C.
903 841 1035 903 Marcius
1049 840 1177 915 Figulus

196 935 329 1004 praetor,
345 927 395 988 cui
409 926 519 987 classis
533 923 693 1002 provincia
702 933 855 999 evenerat,
869 923 1065 985 Brundisium
1075 921 1177 993 venite

196 1019 228 1071 et
251 1011 341 1072 simul
364 1027 407 1072 ex
431 1010 516 1069 ltalia
539 1009 668 1085 proiecti
691 1009 855 1089 Corcyram
876 1010 970 1070 altero
994 1008 1059 1081 die,
1086 1007 1177 1068 tertio

196 1094 317 1154 Actium
341 1093 533 1153 Acarnaniae
558 1098 679 1167 portum
703 1099 874 1154 tenuerunt.
906 1092 977 1152 inde
1002 1091 1111 1152 con-sul
1135 1090 1177 1150 ad

195 1177 390 1238 Ambraciam
415 1191 561 1251 egressus
587 1175 694 1236 itinere
718 1176 855 1237 terrestri
879 1173 953 1250 petit
976 1172 1176 1248 Thessaliam,

197 1266 322 1336 praetor
342 1266 489 1335 superato
508 1259 643 1320 Leucata
663 1258 848 1320 Corinthium
868 1259 969 1319 sinum
989 1258 1132 1318 invectus
1146 1265 1179 1318 et

198 1341 332 1404 Creusae
352 1343 465 1404 relictis
487 1341 617 1412 navibus
638 1350 719 1402 terra
734 1349 765 1402 et
777 1343 847 1417 ipse
860 1357 917 1418 per
931 1340 1063 1402 mediam
1076 1341 1178 1402 Boeo·

196 1425 270 1487 tiam
287 1460 323 1472 -
341 1426 402 1486 diei
414 1424 506 1488 unius
521 1425 665 1502 expedito
681 1425 737 1486 iter
746 1434 794 1486 est
807 1459 844 1470 -
861 1423 1034 1485 Chalcidem
1044 1425 1178 1485 adolas-

198 1525 264 1571 sem
279 1508 444 1571 contendit.
466 1515 568 1570 castra
581 1524 619 1568 eo
633 1517 772 1584 tempore
787 1509 825 1570 Α.
840 1508 989 1570 Hostilius
1005 1507 1178 1568 inThessa·

198 1594 238 1653 lia
259 1593 341 1652 circa
360 1592 630 1668 Palaepharsalum
650 1591 782 1652 habebat
809 1591 888 1652 sicut
908 1591 991 1652 nulla
1011 1606 1046 1651 re
1065 1590 1179 1652 bellica

198 1675 387 1737 memorabili
407 1683 508 1752 gesta,
529 1673 571 1734 ita
591 1675 630 1734 sd
652 1683 792 1735 cunctam
811 1675 969 1735 militarem
984 1673 1179 1751 disciplinam

197 1761 237 1820 ab
252 1758 352 1821 eflusa
366 1758 488 1819 licentia
503 1759 632 1818 lormato
645 1757 753 1831 milite,
775 1764 805 1819 et
819 1758 913 1819 sociis
929 1774 998 1820 cum
1011 1758 1074 1818 fide
1088 1758 1179 1818 cultis

173 1885 175 1889 ι
198 1851 228 1904 et
250 1843 288 1903 ab
309 1843 391 1903 omni
412 1857 525 1917 genere
545 1839 672 1902 iniuriae
688 1840 834 1903 delensis.
863 1841 967 1902 audito
983 1842 1179 1902 successoris

199 1926 333 1987 adventu
355 1941 424 1986 cum
444 1939 528 1985 arma
551 1924 637 1986 viros
663 1939 762 2000 equos
788 1940 856 1986 cum
881 1939 955 1985 eura
979 1925 1179 2001 inspexisset,

199 2017 306 2070 ornato
321 2007 459 2069 exercitu
473 2008 595 2069 obviam
610 2007 742 2069 venienti
760 2007 880 2069 consuli
894 2009 1056 2084 processit.
1071 2015 1101 2068 et
1115 2007 1179 2084 pri·

198 2108 267 2153 mus
288 2107 394 2152 eorum
414 2107 602 2166 congressus
622 2107 662 2152 ex
681 2089 826 2167 dignitate
839 2091 976 2167 ipsorum
998 2107 1034 2153 ac
1047 2091 1181 2153 Romani

199 2175 348 2249 nominis,
369 2183 399 2236 et
422 2176 451 2234 in
467 2175 559 2236 rebus
575 2175 687 2235 deinde
701 2176 845 2251 gerendis
860 2174 892 2214 **
910 2177 1077 2250 proconsul
1098 2175 1180 2235 enim

199 2261 239 2320 ad
265 2259 433 2322 exercitum
454 2257 488 2295 **
509 2259 616 2334 paucis
642 2267 716 2334 post
736 2259 845 2321 diebus
871 2261 979 2320 consul
1005 2259 1180 2322 contionem

198 2343 282 2418 apud
299 2343 408 2403 mihies
428 2340 543 2402 habuit.
565 2358 656 2402 orsus
669 2358 688 2401 a
702 2341 866 2418 parricidio
878 2342 982 2404 Persei
996 2349 1176 2419 perpetrato

197 2428 229 2486 in
243 2428 375 2498 tratrem,
390 2425 522 2500 cogitato
538 2424 568 2484 in
582 2432 749 2500 parentem,
764 2425 876 2486 adiecit
888 2434 960 2502 post
974 2427 1092 2488 scelere
1105 2443 1177 2502 par·

197 2516 262 2570 lum
275 2523 403 2584 regnum
417 2507 577 2583 veneficia,
593 2508 715 2584 caedes,
730 2509 894 2570 latrocinio·
904 2510 1038 2573 nefando
1051 2510 1180 2594 petitum

196 2593 366 2666 Eumenen,
381 2589 507 2651 iniurias
522 2589 552 2651 in
567 2593 716 2668 populum
726 2593 905 2668 Romanum,
922 2593 1110 2672 direptiones
1126 2609 1179 2654 so·

198 2676 313 2737 ciarum
327 2675 448 2736 urbium
463 2683 570 2737 conua
584 2676 704 2749 foedus,
720 2691 759 2737 ea
769 2677 870 2737 omnia
882 2695 972 2753 quam
983 2678 1042 2739 diis
1054 2693 1180 2755 quoque

197 2760 298 2821 invisa
318 2767 438 2834 essent,
460 2775 623 2822 sensurum
644 2760 673 2821 in
695 2759 779 2822 exitu
798 2775 900 2822 rerum
915 2777 1054 2822 suarum=
1074 2760 1180 2821 lavere

198 2844 279 2904 enim
299 2842 403 2920 pietati
426 2843 562 2919 fideique
582 2844 675 2919 deos,
701 2859 758 2920 per
777 2860 857 2920 quae
871 2847 1005 2920 populus
1019 2846 1179 2906 Romanus

197 2928 238 2988 ad
259 2934 374 2988 tantum
398 2927 511 3001 lastigii
532 2928 658 2988 renent.
688 2928 771 2988 vires
786 2927 898 2989 deinde
912 2929 1018 3004 populi
1038 2929 1178 3003 Romani,

197 3011 257 3070 iam
272 3017 420 3071 terrarum
436 3009 541 3071 orbem
556 3011 795 3086 complectentis,
819 3024 887 3072 curn
901 3013 1018 3074 viribus
1033 3011 1179 3072 Macedo·

198 3092 282 3168 niae,
303 3092 458 3154 exercitus
474 3108 543 3153 oum
558 3094 743 3154 exercitibus
758 3097 963 3170 comparavit:
986 3102 1099 3173 quanto
1116 3111 1179 3155 ma-

196 3175 280 3238 iores
304 3173 438 3252 Philippi
463 3176 669 3254 Antiochique
695 3193 773 3254 opes
798 3195 860 3240 non
884 3180 1051 3242 maioribus
1077 3178 1177 3254 copiis

197 3261 311 3321 tractas
324 3265 419 3320 asset
439 3261 475 3320 ll.
497 3259 588 3321 huius
603 3258 727 3336 generis
742 3261 953 3324 adhortatione
968 3262 1110 3324 accensis
1123 3260 1180 3321 mi·

162 3356 168 3361 ·
197 3345 281 3404 litum
302 3342 428 3416 animis,
449 3345 624 3405 consultare
645 3344 684 3404 de
699 3361 818 3406 summa
838 3346 964 3422 gerendi
979 3347 1049 3407 belli
1065 3345 1175 3420 coepit.

195 3441 236 3486 eo
258 3426 325 3486 etc
348 3425 483 3487 Marcius
497 3435 621 3502 praetor
635 3443 653 3487 a
668 3426 811 3490 Chalcide
826 3431 927 3490 classe
942 3435 1069 3504 accepta
1083 3427 1176 3490 venit.
