<?xml version="1.0" encoding="UTF-8"?>
<!DOCTYPE html PUBLIC "-//W3C//DTD XHTML 1.0 Transitional//EN"
    "http://www.w3.org/TR/xhtml1/DTD/xhtml1-transitional.dtd">
<html xmlns="http://www.w3.org/1999/xhtml" xml:lang="en" lang="en">
 <head>
  <title>
</title>
<meta http-equiv="Content-Type" content="text/html;charset=utf-8" />
  <meta name='ocr-system' content='tesseract 3.04.00' />
  <meta name='ocr-capabilities' content='ocr_page ocr_carea ocr_par ocr_line ocrx_word'/>
</head>
<body>
  <div class='ocr_page' id='page_1' title='image "./aburbeconditali09livygoog_0264.png"; bbox 0 0 2574 3954; ppageno 0'>
   <div class='ocr_carea' id='block_1_1' title="bbox 207 174 1057 253">
    <p class='ocr_par' dir='ltr' id='par_1_1' title="bbox 207 174 1057 253">
     <span class='ocr_line' id='line_1_1' title="bbox 207 174 1057 253; baseline -0.014 -5"><span class='ocrx_word' id='word_1_1' title='bbox 207 183 273 250; x_wconf 73' lang='lat'>236</span> <span class='ocrx_word' id='word_1_2' title='bbox 335 179 451 241; x_wconf 82' lang='lat' dir='ltr'>LIBER</span> <span class='ocrx_word' id='word_1_3' title='bbox 462 177 566 238; x_wconf 85' lang='lat' dir='ltr'><strong>XLIV.</strong></span> <span class='ocrx_word' id='word_1_4' title='bbox 589 175 671 236; x_wconf 84' lang='lat' dir='ltr'>cllP.</span> <span class='ocrx_word' id='word_1_5' title='bbox 683 182 727 238; x_wconf 79' lang='lat' dir='ltr'>te.</span> <span class='ocrx_word' id='word_1_6' title='bbox 739 182 782 237; x_wconf 75' lang='lat'>29.</span> <span class='ocrx_word' id='word_1_7' title='bbox 793 181 839 236; x_wconf 78' lang='grc'>30.</span> <span class='ocrx_word' id='word_1_8' title='bbox 861 174 898 251; x_wconf 82' lang='lat' dir='ltr'>[a.</span> <span class='ocrx_word' id='word_1_9' title='bbox 910 179 946 237; x_wconf 88' lang='lat' dir='ltr'>U.</span> <span class='ocrx_word' id='word_1_10' title='bbox 958 196 983 234; x_wconf 87' lang='lat' dir='ltr'>c.</span> <span class='ocrx_word' id='word_1_11' title='bbox 994 175 1057 253; x_wconf 78' lang='lat'>584]</span> 
     </span>
    </p>
   </div>
   <div class='ocr_carea' id='block_1_2' title="bbox 101 322 1270 401">
    <p class='ocr_par' dir='ltr' id='par_1_2' title="bbox 101 322 1270 401">
     <span class='ocr_line' id='line_1_2' title="bbox 101 322 1270 401; baseline -0.017 3"><span class='ocrx_word' id='word_1_12' title='bbox 101 361 107 368; x_wconf 91' lang='lat'><em>·</em></span> <span class='ocrx_word' id='word_1_13' title='bbox 210 342 282 400; x_wconf 88' lang='lat' dir='ltr'>runt</span> <span class='ocrx_word' id='word_1_14' title='bbox 300 332 332 396; x_wconf 88' lang='lat' dir='ltr'>in</span> <span class='ocrx_word' id='word_1_15' title='bbox 351 332 452 394; x_wconf 89' lang='lat' dir='ltr'>littore</span> <span class='ocrx_word' id='word_1_16' title='bbox 464 328 662 389; x_wconf 80' lang='lat' dir='ltr'>Macedones.</span> <span class='ocrx_word' id='word_1_17' title='bbox 687 324 792 401; x_wconf 78' lang='lat' dir='ltr'>viginti</span> <span class='ocrx_word' id='word_1_18' title='bbox 813 322 944 386; x_wconf 82' lang='lat' dir='ltr'>eximiae</span> <span class='ocrx_word' id='word_1_19' title='bbox 958 337 1059 400; x_wconf 90' lang='lat' dir='ltr'>equos</span> <span class='ocrx_word' id='word_1_20' title='bbox 1074 324 1195 386; x_wconf 81' lang='lat' dir='ltr'>formae</span> <span class='ocrx_word' id='word_1_21' title='bbox 1266 339 1270 368; x_wconf 66' lang='grc'>’-</span> 
     </span>
    </p>
   </div>
   <div class='ocr_carea' id='block_1_3' title="bbox 209 407 1264 1917">
    <p class='ocr_par' dir='ltr' id='par_1_3' title="bbox 209 407 1196 910">
     <span class='ocr_line' id='line_1_3' title="bbox 209 407 1194 494; baseline -0.013 -13"><span class='ocrx_word' id='word_1_22' title='bbox 209 437 282 482; x_wconf 88' lang='lat' dir='ltr'>curn</span> <span class='ocrx_word' id='word_1_23' title='bbox 303 415 433 494; x_wconf 87' lang='lat' dir='ltr'>captivis</span> <span class='ocrx_word' id='word_1_24' title='bbox 453 411 581 475; x_wconf 90' lang='lat' dir='ltr'>eosdem</span> <span class='ocrx_word' id='word_1_25' title='bbox 595 409 702 471; x_wconf 89' lang='lat' dir='ltr'>decem</span> <span class='ocrx_word' id='word_1_26' title='bbox 716 408 851 483; x_wconf 84' lang='lat' dir='ltr'><strong>lembos,</strong></span> <span class='ocrx_word' id='word_1_27' title='bbox 877 422 958 484; x_wconf 83' lang='lat' dir='ltr'>quos</span> <span class='ocrx_word' id='word_1_28' title='bbox 973 413 1044 471; x_wconf 89' lang='lat' dir='ltr'>ante</span> <span class='ocrx_word' id='word_1_29' title='bbox 1058 407 1194 484; x_wconf 76' lang='lat' dir='ltr'>miserat,</span> 
     </span>
     <span class='ocr_line' id='line_1_4' title="bbox 211 488 1196 570; baseline -0.012 -3"><span class='ocrx_word' id='word_1_30' title='bbox 211 505 353 570; x_wconf 82' lang='lat' dir='ltr'>Antenor</span> <span class='ocrx_word' id='word_1_31' title='bbox 368 497 521 561; x_wconf 84' lang='lat' dir='ltr'>devehere</span> <span class='ocrx_word' id='word_1_32' title='bbox 533 493 784 557; x_wconf 79' lang='lat' dir='ltr'>Thessalonicam</span> <span class='ocrx_word' id='word_1_33' title='bbox 798 490 897 568; x_wconf 89' lang='lat' dir='ltr'>iussit,</span> <span class='ocrx_word' id='word_1_34' title='bbox 913 497 943 554; x_wconf 94' lang='lat' dir='ltr'>et</span> <span class='ocrx_word' id='word_1_35' title='bbox 954 488 1054 568; x_wconf 85' lang='lat' dir='ltr'>primo</span> <span class='ocrx_word' id='word_1_36' title='bbox 1067 507 1196 568; x_wconf 88' lang='lat' dir='ltr'>quoque</span> 
     </span>
     <span class='ocr_line' id='line_1_5' title="bbox 210 574 1194 663; baseline -0.012 -13"><span class='ocrx_word' id='word_1_37' title='bbox 210 595 351 663; x_wconf 89' lang='lat' dir='ltr'>tempore</span> <span class='ocrx_word' id='word_1_38' title='bbox 370 582 411 644; x_wconf 89' lang='lat' dir='ltr'>ad</span> <span class='ocrx_word' id='word_1_39' title='bbox 432 582 565 642; x_wconf 87' lang='lat' dir='ltr'>classem</span> <span class='ocrx_word' id='word_1_40' title='bbox 584 578 712 640; x_wconf 85' lang='lat' dir='ltr'>reverti=</span> <span class='ocrx_word' id='word_1_41' title='bbox 740 574 854 638; x_wconf 89' lang='lat' dir='ltr'>Phanis</span> <span class='ocrx_word' id='word_1_42' title='bbox 874 589 911 638; x_wconf 92' lang='lat' dir='ltr'>se</span> <span class='ocrx_word' id='word_1_43' title='bbox 925 591 982 638; x_wconf 89' lang='lat' dir='ltr'>cos</span> <span class='ocrx_word' id='word_1_44' title='bbox 997 582 1194 654; x_wconf 83' lang='lat' dir='ltr'>exspectatu-</span> 
     </span>
     <span class='ocr_line' id='line_1_6' title="bbox 211 658 1195 732; baseline -0.01 -1"><span class='ocrx_word' id='word_1_45' title='bbox 211 687 289 732; x_wconf 89' lang='lat' dir='ltr'>rum.</span> <span class='ocrx_word' id='word_1_46' title='bbox 309 667 443 730; x_wconf 88' lang='lat' dir='ltr'>triduum</span> <span class='ocrx_word' id='word_1_47' title='bbox 457 666 553 727; x_wconf 80' lang='lat' dir='ltr'>ferme</span> <span class='ocrx_word' id='word_1_48' title='bbox 568 660 679 725; x_wconf 88' lang='lat' dir='ltr'>classis</span> <span class='ocrx_word' id='word_1_49' title='bbox 693 661 735 724; x_wconf 88' lang='lat' dir='ltr'>ad</span> <span class='ocrx_word' id='word_1_50' title='bbox 747 660 856 724; x_wconf 87' lang='lat' dir='ltr'>urbem</span> <span class='ocrx_word' id='word_1_51' title='bbox 871 659 962 724; x_wconf 85' lang='lat' dir='ltr'>stetit.</span> <span class='ocrx_word' id='word_1_52' title='bbox 984 659 1105 724; x_wconf 84' lang='lat' dir='ltr'>Phanas</span> <span class='ocrx_word' id='word_1_53' title='bbox 1119 658 1195 722; x_wconf 91' lang='lat' dir='ltr'>inde</span> 
     </span>
     <span class='ocr_line' id='line_1_7' title="bbox 210 743 1193 832; baseline -0.008 -18"><span class='ocrx_word' id='word_1_54' title='bbox 210 751 372 832; x_wconf 76' lang='lat' dir='ltr'>progressi</span> <span class='ocrx_word' id='word_1_55' title='bbox 394 754 480 825; x_wconf 87' lang='lat' dir='ltr'>sunt,</span> <span class='ocrx_word' id='word_1_56' title='bbox 513 753 544 810; x_wconf 86' lang='lat' dir='ltr'>et</span> <span class='ocrx_word' id='word_1_57' title='bbox 564 762 622 825; x_wconf 92' lang='lat' dir='ltr'>spe</span> <span class='ocrx_word' id='word_1_58' title='bbox 642 747 773 809; x_wconf 89' lang='lat' dir='ltr'>celerius</span> <span class='ocrx_word' id='word_1_59' title='bbox 792 743 928 808; x_wconf 85' lang='lat' dir='ltr'>reversis</span> <span class='ocrx_word' id='word_1_60' title='bbox 950 744 1059 806; x_wconf 91' lang='lat' dir='ltr'>decem</span> <span class='ocrx_word' id='word_1_61' title='bbox 1083 744 1193 806; x_wconf 88' lang='lat' dir='ltr'>lembis</span> 
     </span>
     <span class='ocr_line' id='line_1_8' title="bbox 211 827 873 910; baseline -0.014 -12"><span class='ocrx_word' id='word_1_62' title='bbox 211 837 311 900; x_wconf 88' lang='lat' dir='ltr'>evecti</span> <span class='ocrx_word' id='word_1_63' title='bbox 323 837 450 910; x_wconf 80' lang='lat' dir='ltr'>Aegaeo</span> <span class='ocrx_word' id='word_1_64' title='bbox 466 832 542 896; x_wconf 87' lang='lat' dir='ltr'>mari</span> <span class='ocrx_word' id='word_1_65' title='bbox 557 832 665 893; x_wconf 88' lang='lat' dir='ltr'>Delum</span> <span class='ocrx_word' id='word_1_66' title='bbox 680 827 873 892; x_wconf 88' lang='lat' dir='ltr'>traiecerunt.</span> 
     </span>
    </p>

    <p class='ocr_par' dir='ltr' id='par_1_4' title="bbox 209 910 1264 1582">
     <span class='ocr_line' id='line_1_9' title="bbox 295 910 1195 992; baseline -0.008 -11"><span class='ocrx_word' id='word_1_67' title='bbox 295 918 401 982; x_wconf 85' lang='lat' dir='ltr'><strong>XXIX.</strong></span> <span class='ocrx_word' id='word_1_68' title='bbox 423 919 501 979; x_wconf 84' lang='lat' dir='ltr'>Dum</span> <span class='ocrx_word' id='word_1_69' title='bbox 520 915 597 976; x_wconf 89' lang='lat' dir='ltr'>haec</span> <span class='ocrx_word' id='word_1_70' title='bbox 616 921 778 992; x_wconf 78' lang='lat' dir='ltr'>geruntur,</span> <span class='ocrx_word' id='word_1_71' title='bbox 795 913 887 990; x_wconf 81' lang='lat' dir='ltr'>legati</span> <span class='ocrx_word' id='word_1_72' title='bbox 900 910 1031 976; x_wconf 85' lang='lat' dir='ltr'>Romani</span> <span class='ocrx_word' id='word_1_73' title='bbox 1045 912 1077 973; x_wconf 81' lang='lat' dir='ltr'>c.</span> <span class='ocrx_word' id='word_1_74' title='bbox 1091 912 1195 990; x_wconf 90' lang='lat' dir='ltr'>Popil-</span> 
     </span>
     <span class='ocr_line' id='line_1_10' title="bbox 213 996 1190 1075; baseline -0.008 -9"><span class='ocrx_word' id='word_1_75' title='bbox 213 1003 274 1066; x_wconf 89' lang='lat' dir='ltr'>lius</span> <span class='ocrx_word' id='word_1_76' title='bbox 289 1001 366 1064; x_wconf 80' lang='lat' dir='ltr'>etc.</span> <span class='ocrx_word' id='word_1_77' title='bbox 381 1001 535 1062; x_wconf 83' lang='lat' dir='ltr'>Decimius</span> <span class='ocrx_word' id='word_1_78' title='bbox 550 998 626 1061; x_wconf 81' lang='lat' dir='ltr'>etc.</span> <span class='ocrx_word' id='word_1_79' title='bbox 641 998 791 1061; x_wconf 82' lang='lat' dir='ltr'>Hostilius</span> <span class='ocrx_word' id='word_1_80' title='bbox 806 1014 825 1058; x_wconf 87' lang='lat' dir='ltr'>a</span> <span class='ocrx_word' id='word_1_81' title='bbox 840 997 984 1059; x_wconf 84' lang='lat' dir='ltr'>chalcide</span> <span class='ocrx_word' id='word_1_82' title='bbox 997 996 1127 1075; x_wconf 89' lang='lat' dir='ltr'>proiecti</span> <span class='ocrx_word' id='word_1_83' title='bbox 1141 996 1190 1058; x_wconf 77' lang='lat' dir='ltr'>tri·</span> 
     </span>
     <span class='ocr_line' id='line_1_11' title="bbox 211 1080 1193 1164; baseline -0.007 -16"><span class='ocrx_word' id='word_1_84' title='bbox 211 1087 271 1150; x_wconf 90' lang='lat' dir='ltr'>bus</span> <span class='ocrx_word' id='word_1_85' title='bbox 297 1083 568 1164; x_wconf 89' lang='lat' dir='ltr'>quinqueremibus</span> <span class='ocrx_word' id='word_1_86' title='bbox 588 1083 697 1146; x_wconf 84' lang='lat' dir='ltr'>Delum</span> <span class='ocrx_word' id='word_1_87' title='bbox 720 1097 789 1145; x_wconf 91' lang='lat' dir='ltr'>cum</span> <span class='ocrx_word' id='word_1_88' title='bbox 809 1082 984 1158; x_wconf 85' lang='lat' dir='ltr'>venissent,</span> <span class='ocrx_word' id='word_1_89' title='bbox 1009 1080 1128 1143; x_wconf 90' lang='lat' dir='ltr'>lembos</span> <span class='ocrx_word' id='word_1_90' title='bbox 1149 1080 1193 1142; x_wconf 92' lang='lat' dir='ltr'>ibi</span> 
     </span>
     <span class='ocr_line' id='line_1_12' title="bbox 211 1165 1192 1245; baseline -0.008 -11"><span class='ocrx_word' id='word_1_91' title='bbox 211 1170 417 1234; x_wconf 80' lang='lat' dir='ltr'>Macedonum</span> <span class='ocrx_word' id='word_1_92' title='bbox 432 1166 634 1245; x_wconf 81' lang='lat' dir='ltr'>quadraginta</span> <span class='ocrx_word' id='word_1_93' title='bbox 647 1175 677 1229; x_wconf 92' lang='lat' dir='ltr'>et</span> <span class='ocrx_word' id='word_1_94' title='bbox 692 1167 828 1244; x_wconf 88' lang='lat' dir='ltr'>quinque</span> <span class='ocrx_word' id='word_1_95' title='bbox 842 1166 925 1243; x_wconf 79' lang='lat' dir='ltr'>regis</span> <span class='ocrx_word' id='word_1_96' title='bbox 940 1165 1087 1228; x_wconf 79' lang='lat' dir='ltr'>Eumenis</span> <span class='ocrx_word' id='word_1_97' title='bbox 1104 1165 1192 1241; x_wconf 85' lang='lat' dir='ltr'>quin-</span> 
     </span>
     <span class='ocr_line' id='line_1_13' title="bbox 212 1249 1264 1333; baseline -0.008 -15"><span class='ocrx_word' id='word_1_98' title='bbox 212 1267 375 1333; x_wconf 89' lang='lat' dir='ltr'>queremes</span> <span class='ocrx_word' id='word_1_99' title='bbox 389 1251 578 1315; x_wconf 83' lang='lat' dir='ltr'>invenerunt</span> <span class='ocrx_word' id='word_1_100' title='bbox 594 1251 740 1314; x_wconf 87' lang='lat' dir='ltr'>sanctitas</span> <span class='ocrx_word' id='word_1_101' title='bbox 754 1251 858 1328; x_wconf 92' lang='lat' dir='ltr'>templi</span> <span class='ocrx_word' id='word_1_102' title='bbox 868 1251 1051 1327; x_wconf 89' lang='lat' dir='ltr'>insulaeque</span> <span class='ocrx_word' id='word_1_103' title='bbox 1064 1249 1194 1311; x_wconf 86' lang='lat' dir='ltr'>inviola·</span> <span class='ocrx_word' id='word_1_104' title='bbox 1262 1255 1264 1262; x_wconf 83' lang='grc'><em>’</em></span> 
     </span>
     <span class='ocr_line' id='line_1_14' title="bbox 211 1332 1196 1416; baseline -0.007 -15"><span class='ocrx_word' id='word_1_105' title='bbox 211 1346 261 1401; x_wconf 84' lang='lat' dir='ltr'>tos</span> <span class='ocrx_word' id='word_1_106' title='bbox 293 1338 471 1416; x_wconf 76' lang='lat' dir='ltr'>praestabat</span> <span class='ocrx_word' id='word_1_107' title='bbox 501 1351 619 1400; x_wconf 91' lang='lat' dir='ltr'>omnes.</span> <span class='ocrx_word' id='word_1_108' title='bbox 651 1334 755 1410; x_wconf 88' lang='lat' dir='ltr'>itaque</span> <span class='ocrx_word' id='word_1_109' title='bbox 780 1333 923 1410; x_wconf 87' lang='lat' dir='ltr'>permixti</span> <span class='ocrx_word' id='word_1_110' title='bbox 946 1332 1139 1409; x_wconf 85' lang='lat' dir='ltr'>Romanique</span> <span class='ocrx_word' id='word_1_111' title='bbox 1163 1339 1196 1394; x_wconf 92' lang='lat' dir='ltr'>et</span> 
     </span>
     <span class='ocr_line' id='line_1_15' title="bbox 209 1418 1194 1496; baseline -0.005 -12"><span class='ocrx_word' id='word_1_112' title='bbox 209 1422 399 1485; x_wconf 82' lang='lat' dir='ltr'>Macedones</span> <span class='ocrx_word' id='word_1_113' title='bbox 421 1429 451 1482; x_wconf 88' lang='lat' dir='ltr'>et</span> <span class='ocrx_word' id='word_1_114' title='bbox 469 1419 614 1482; x_wconf 76' lang='lat' dir='ltr'>Eumenis</span> <span class='ocrx_word' id='word_1_115' title='bbox 628 1421 755 1481; x_wconf 90' lang='lat' dir='ltr'>navales</span> <span class='ocrx_word' id='word_1_116' title='bbox 771 1419 847 1480; x_wconf 90' lang='lat' dir='ltr'>socii</span> <span class='ocrx_word' id='word_1_117' title='bbox 862 1418 893 1479; x_wconf 91' lang='lat' dir='ltr'>in</span> <span class='ocrx_word' id='word_1_118' title='bbox 908 1421 1038 1496; x_wconf 85' lang='lat' dir='ltr'>templo,</span> <span class='ocrx_word' id='word_1_119' title='bbox 1059 1418 1194 1479; x_wconf 88' lang='lat' dir='ltr'>indutias</span> 
     </span>
     <span class='ocr_line' id='line_1_16' title="bbox 211 1500 1195 1582; baseline -0.007 -14"><span class='ocrx_word' id='word_1_120' title='bbox 211 1504 361 1582; x_wconf 75' lang='lat' dir='ltr'>religione</span> <span class='ocrx_word' id='word_1_121' title='bbox 386 1505 447 1566; x_wconf 90' lang='lat' dir='ltr'>loci</span> <span class='ocrx_word' id='word_1_122' title='bbox 471 1504 653 1580; x_wconf 88' lang='lat' dir='ltr'>praebente,</span> <span class='ocrx_word' id='word_1_123' title='bbox 679 1503 888 1565; x_wconf 88' lang='lat' dir='ltr'>versabantur.</span> <span class='ocrx_word' id='word_1_124' title='bbox 925 1504 1066 1566; x_wconf 87' lang='lat' dir='ltr'>Antenor</span> <span class='ocrx_word' id='word_1_125' title='bbox 1088 1500 1195 1563; x_wconf 92' lang='lat' dir='ltr'>Persei</span> 
     </span>
    </p>

    <p class='ocr_par' dir='ltr' id='par_1_5' title="bbox 211 1586 1263 1917">
     <span class='ocr_line' id='line_1_17' title="bbox 234 1586 1263 1664; baseline -0.002 -14"><span class='ocrx_word' id='word_1_126' title='bbox 234 1589 398 1664; x_wconf 76' lang='lat' dir='ltr'>melecius,</span> <span class='ocrx_word' id='word_1_127' title='bbox 413 1603 482 1648; x_wconf 91' lang='lat' dir='ltr'>cum</span> <span class='ocrx_word' id='word_1_128' title='bbox 497 1587 617 1664; x_wconf 88' lang='lat' dir='ltr'>aliquas</span> <span class='ocrx_word' id='word_1_129' title='bbox 632 1587 692 1648; x_wconf 91' lang='lat' dir='ltr'>alto</span> <span class='ocrx_word' id='word_1_130' title='bbox 708 1586 855 1664; x_wconf 78' lang='lat' dir='ltr'>praeferri</span> <span class='ocrx_word' id='word_1_131' title='bbox 870 1587 1026 1648; x_wconf 89' lang='lat' dir='ltr'>onerarias</span> <span class='ocrx_word' id='word_1_132' title='bbox 1042 1600 1138 1648; x_wconf 89' lang='lat' dir='ltr'>naves</span> <span class='ocrx_word' id='word_1_133' title='bbox 1153 1600 1194 1648; x_wconf 85' lang='lat' dir='ltr'>ex</span> <span class='ocrx_word' id='word_1_134' title='bbox 1262 1633 1263 1638; x_wconf 18' lang='grc' dir='ltr'>η</span> 
     </span>
     <span class='ocr_line' id='line_1_18' title="bbox 211 1607 1193 1749; baseline -0.005 -15"><span class='ocrx_word' id='word_1_135' title='bbox 211 1607 350 1749; x_wconf 43' lang='lat' dir='ltr'>&amp;perulis</span> <span class='ocrx_word' id='word_1_136' title='bbox 371 1670 576 1747; x_wconf 75' lang='lat' dir='ltr'>significatum</span> <span class='ocrx_word' id='word_1_137' title='bbox 597 1671 691 1746; x_wconf 82' lang='lat' dir='ltr'>foret,</span> <span class='ocrx_word' id='word_1_138' title='bbox 720 1677 808 1747; x_wconf 86' lang='lat' dir='ltr'>parte</span> <span class='ocrx_word' id='word_1_139' title='bbox 829 1671 998 1733; x_wconf 88' lang='lat' dir='ltr'>lemborum</span> <span class='ocrx_word' id='word_1_140' title='bbox 1019 1672 1088 1746; x_wconf 89' lang='lat' dir='ltr'>ipse</span> <span class='ocrx_word' id='word_1_141' title='bbox 1110 1669 1193 1730; x_wconf 90' lang='lat' dir='ltr'>inse-</span> 
     </span>
     <span class='ocr_line' id='line_1_19' title="bbox 211 1753 1196 1834; baseline -0.004 -16"><span class='ocrx_word' id='word_1_142' title='bbox 211 1771 322 1834; x_wconf 80' lang='lat' dir='ltr'>quens,</span> <span class='ocrx_word' id='word_1_143' title='bbox 338 1761 426 1834; x_wconf 87' lang='lat' dir='ltr'>parte</span> <span class='ocrx_word' id='word_1_144' title='bbox 440 1770 497 1832; x_wconf 91' lang='lat' dir='ltr'>per</span> <span class='ocrx_word' id='word_1_145' title='bbox 508 1754 660 1833; x_wconf 75' lang='lat' dir='ltr'>cycladas</span> <span class='ocrx_word' id='word_1_146' title='bbox 674 1754 833 1831; x_wconf 83' lang='lat' dir='ltr'>disposita,</span> <span class='ocrx_word' id='word_1_147' title='bbox 848 1761 1063 1833; x_wconf 86' lang='lat' dir='ltr'>praeterquam</span> <span class='ocrx_word' id='word_1_148' title='bbox 1074 1753 1102 1816; x_wconf 94' lang='lat' dir='ltr'>si</span> <span class='ocrx_word' id='word_1_149' title='bbox 1113 1767 1196 1830; x_wconf 86' lang='lat' dir='ltr'>quae</span> 
     </span>
     <span class='ocr_line' id='line_1_20' title="bbox 211 1837 1193 1917; baseline -0.005 -15"><span class='ocrx_word' id='word_1_150' title='bbox 211 1840 424 1902; x_wconf 84' lang='lat' dir='ltr'>Macedoniam</span> <span class='ocrx_word' id='word_1_151' title='bbox 438 1844 585 1917; x_wconf 88' lang='lat' dir='ltr'>peterent,</span> <span class='ocrx_word' id='word_1_152' title='bbox 602 1854 710 1906; x_wconf 88' lang='lat' dir='ltr'>omnes</span> <span class='ocrx_word' id='word_1_153' title='bbox 723 1846 775 1900; x_wconf 87' lang='lat' dir='ltr'>aut</span> <span class='ocrx_word' id='word_1_154' title='bbox 789 1838 1002 1915; x_wconf 87' lang='lat' dir='ltr'>supprimebat</span> <span class='ocrx_word' id='word_1_155' title='bbox 1015 1844 1068 1900; x_wconf 87' lang='lat' dir='ltr'>aut</span> <span class='ocrx_word' id='word_1_156' title='bbox 1077 1837 1193 1914; x_wconf 85' lang='lat' dir='ltr'>spotia·</span> 
     </span>
    </p>
   </div>
   <div class='ocr_carea' id='block_1_4' title="bbox 212 1922 1286 1999">
    <p class='ocr_par' dir='ltr' id='par_1_6' title="bbox 212 1922 1286 1999">
     <span class='ocr_line' id='line_1_21' title="bbox 212 1922 1286 1999; baseline -0.002 -15"><span class='ocrx_word' id='word_1_157' title='bbox 212 1925 265 1984; x_wconf 88' lang='lat' dir='ltr'>bat</span> <span class='ocrx_word' id='word_1_158' title='bbox 289 1939 396 1984; x_wconf 88' lang='lat' dir='ltr'>naves.</span> <span class='ocrx_word' id='word_1_159' title='bbox 431 1923 542 1999; x_wconf 90' lang='lat' dir='ltr'>quibus</span> <span class='ocrx_word' id='word_1_160' title='bbox 569 1930 690 1999; x_wconf 89' lang='lat' dir='ltr'>poterat</span> <span class='ocrx_word' id='word_1_161' title='bbox 712 1922 862 1999; x_wconf 89' lang='lat' dir='ltr'>Popillius</span> <span class='ocrx_word' id='word_1_162' title='bbox 886 1923 951 1984; x_wconf 89' lang='lat' dir='ltr'>suis</span> <span class='ocrx_word' id='word_1_163' title='bbox 976 1930 1028 1984; x_wconf 89' lang='lat' dir='ltr'>aut</span> <span class='ocrx_word' id='word_1_164' title='bbox 1047 1922 1195 1984; x_wconf 80' lang='lat' dir='ltr'>Eumenis</span> <span class='ocrx_word' id='word_1_165' title='bbox 1285 1937 1286 1942; x_wconf 47' lang='lat'>¹</span> 
     </span>
    </p>
   </div>
   <div class='ocr_carea' id='block_1_5' title="bbox 208 2005 1196 3171">
    <p class='ocr_par' dir='ltr' id='par_1_7' title="bbox 208 2005 1196 3171">
     <span class='ocr_line' id='line_1_22' title="bbox 213 2005 1196 2082; baseline 0.001 -15"><span class='ocrx_word' id='word_1_166' title='bbox 213 2005 345 2068; x_wconf 87' lang='lat' dir='ltr'>navibus</span> <span class='ocrx_word' id='word_1_167' title='bbox 359 2006 573 2070; x_wconf 86' lang='lat' dir='ltr'>succurrebatr</span> <span class='ocrx_word' id='word_1_168' title='bbox 588 2007 645 2068; x_wconf 93' lang='lat' dir='ltr'>sed</span> <span class='ocrx_word' id='word_1_169' title='bbox 660 2005 740 2068; x_wconf 87' lang='lat' dir='ltr'>vecti</span> <span class='ocrx_word' id='word_1_170' title='bbox 755 2013 845 2069; x_wconf 84' lang='lat' dir='ltr'>nocte</span> <span class='ocrx_word' id='word_1_171' title='bbox 858 2007 940 2068; x_wconf 91' lang='lat' dir='ltr'>binis</span> <span class='ocrx_word' id='word_1_172' title='bbox 955 2015 1008 2069; x_wconf 89' lang='lat' dir='ltr'>aut</span> <span class='ocrx_word' id='word_1_173' title='bbox 1020 2007 1116 2069; x_wconf 84' lang='lat' dir='ltr'>ternis</span> <span class='ocrx_word' id='word_1_174' title='bbox 1127 2007 1196 2082; x_wconf 87' lang='lat' dir='ltr'>ple·</span> 
     </span>
     <span class='ocr_line' id='line_1_23' title="bbox 212 2091 1195 2167; baseline 0.001 -15"><span class='ocrx_word' id='word_1_175' title='bbox 212 2106 343 2167; x_wconf 90' lang='lat' dir='ltr'>rumque</span> <span class='ocrx_word' id='word_1_176' title='bbox 367 2091 477 2154; x_wconf 90' lang='lat' dir='ltr'>lembis</span> <span class='ocrx_word' id='word_1_177' title='bbox 496 2091 684 2152; x_wconf 84' lang='lat' dir='ltr'>Macedones</span> <span class='ocrx_word' id='word_1_178' title='bbox 699 2091 852 2152; x_wconf 84' lang='lat' dir='ltr'>fallebant.</span> <span class='ocrx_word' id='word_1_179' title='bbox 874 2107 931 2167; x_wconf 90' lang='lat' dir='ltr'>per</span> <span class='ocrx_word' id='word_1_180' title='bbox 944 2091 976 2152; x_wconf 92' lang='lat' dir='ltr'>id</span> <span class='ocrx_word' id='word_1_181' title='bbox 990 2093 1056 2152; x_wconf 89' lang='lat' dir='ltr'>lere</span> <span class='ocrx_word' id='word_1_182' title='bbox 1070 2098 1195 2166; x_wconf 87' lang='lat' dir='ltr'>tempus</span> 
     </span>
     <span class='ocr_line' id='line_1_24' title="bbox 212 2173 1195 2252; baseline 0 -16"><span class='ocrx_word' id='word_1_183' title='bbox 212 2175 304 2250; x_wconf 81' lang='lat' dir='ltr'>legati</span> <span class='ocrx_word' id='word_1_184' title='bbox 317 2174 505 2239; x_wconf 88' lang='lat' dir='ltr'>Macedones</span> <span class='ocrx_word' id='word_1_185' title='bbox 519 2175 678 2252; x_wconf 77' lang='lat' dir='ltr'>Illyriique</span> <span class='ocrx_word' id='word_1_186' title='bbox 692 2174 781 2236; x_wconf 88' lang='lat' dir='ltr'>simul</span> <span class='ocrx_word' id='word_1_187' title='bbox 794 2173 937 2236; x_wconf 86' lang='lat' dir='ltr'>Rhodum</span> <span class='ocrx_word' id='word_1_188' title='bbox 950 2180 1108 2248; x_wconf 74' lang='lat' dir='ltr'>venerunt,</span> <span class='ocrx_word' id='word_1_189' title='bbox 1126 2174 1195 2252; x_wconf 90' lang='lat' dir='ltr'>qui·</span> 
     </span>
     <span class='ocr_line' id='line_1_25' title="bbox 212 2258 1195 2322; baseline 0 -2"><span class='ocrx_word' id='word_1_190' title='bbox 212 2259 272 2320; x_wconf 91' lang='lat' dir='ltr'>bus</span> <span class='ocrx_word' id='word_1_191' title='bbox 293 2260 503 2322; x_wconf 83' lang='lat' dir='ltr'>auctoritatem</span> <span class='ocrx_word' id='word_1_192' title='bbox 524 2258 642 2320; x_wconf 90' lang='lat' dir='ltr'>addidit</span> <span class='ocrx_word' id='word_1_193' title='bbox 662 2273 723 2320; x_wconf 92' lang='lat' dir='ltr'>non</span> <span class='ocrx_word' id='word_1_194' title='bbox 745 2258 914 2319; x_wconf 90' lang='lat' dir='ltr'>lemborum</span> <span class='ocrx_word' id='word_1_195' title='bbox 934 2259 1026 2320; x_wconf 90' lang='lat' dir='ltr'>modo</span> <span class='ocrx_word' id='word_1_196' title='bbox 1041 2259 1195 2320; x_wconf 88' lang='lat' dir='ltr'>adrentus</span> 
     </span>
     <span class='ocr_line' id='line_1_26' title="bbox 212 2342 1195 2420; baseline 0 -16"><span class='ocrx_word' id='word_1_197' title='bbox 212 2344 330 2420; x_wconf 88' lang='lat' dir='ltr'>passim</span> <span class='ocrx_word' id='word_1_198' title='bbox 350 2358 407 2418; x_wconf 92' lang='lat' dir='ltr'>per</span> <span class='ocrx_word' id='word_1_199' title='bbox 427 2342 580 2420; x_wconf 73' lang='lat' dir='ltr'>Cycladas</span> <span class='ocrx_word' id='word_1_200' title='bbox 607 2349 701 2417; x_wconf 88' lang='lat' dir='ltr'>atque</span> <span class='ocrx_word' id='word_1_201' title='bbox 719 2342 877 2417; x_wconf 75' lang='lat' dir='ltr'>Aegaeum</span> <span class='ocrx_word' id='word_1_202' title='bbox 897 2342 1071 2418; x_wconf 76' lang='lat' dir='ltr'>vagantium</span> <span class='ocrx_word' id='word_1_203' title='bbox 1097 2358 1195 2418; x_wconf 77' lang='lat' dir='ltr'>mare,</span> 
     </span>
     <span class='ocr_line' id='line_1_27' title="bbox 214 2423 1196 2502; baseline 0.002 -16"><span class='ocrx_word' id='word_1_204' title='bbox 214 2426 272 2487; x_wconf 92' lang='lat' dir='ltr'>sed</span> <span class='ocrx_word' id='word_1_205' title='bbox 287 2425 377 2487; x_wconf 86' lang='lat' dir='ltr'>etiarn</span> <span class='ocrx_word' id='word_1_206' title='bbox 391 2425 566 2486; x_wconf 91' lang='lat' dir='ltr'>coniunctio</span> <span class='ocrx_word' id='word_1_207' title='bbox 581 2424 651 2500; x_wconf 90' lang='lat' dir='ltr'>ipsa</span> <span class='ocrx_word' id='word_1_208' title='bbox 664 2440 771 2500; x_wconf 79' lang='lat' dir='ltr'>regum</span> <span class='ocrx_word' id='word_1_209' title='bbox 781 2423 885 2487; x_wconf 87' lang='lat' dir='ltr'>Persei</span> <span class='ocrx_word' id='word_1_210' title='bbox 898 2425 1059 2502; x_wconf 87' lang='lat' dir='ltr'>Gentiique</span> <span class='ocrx_word' id='word_1_211' title='bbox 1069 2433 1101 2489; x_wconf 90' lang='lat' dir='ltr'>et</span> <span class='ocrx_word' id='word_1_212' title='bbox 1112 2426 1196 2488; x_wconf 88' lang='lat' dir='ltr'>lama</span> 
     </span>
     <span class='ocr_line' id='line_1_28' title="bbox 214 2508 1195 2587; baseline 0.003 -16"><span class='ocrx_word' id='word_1_213' title='bbox 214 2525 284 2571; x_wconf 90' lang='lat' dir='ltr'>cum</span> <span class='ocrx_word' id='word_1_214' title='bbox 314 2524 426 2585; x_wconf 75' lang='lat' dir='ltr'>magno</span> <span class='ocrx_word' id='word_1_215' title='bbox 460 2523 587 2570; x_wconf 90' lang='lat' dir='ltr'>numero</span> <span class='ocrx_word' id='word_1_216' title='bbox 620 2508 756 2585; x_wconf 89' lang='lat' dir='ltr'>peditum</span> <span class='ocrx_word' id='word_1_217' title='bbox 783 2508 983 2587; x_wconf 89' lang='lat' dir='ltr'>equitumque</span> <span class='ocrx_word' id='word_1_218' title='bbox 1006 2509 1195 2574; x_wconf 90' lang='lat' dir='ltr'>venientium</span> 
     </span>
     <span class='ocr_line' id='line_1_29' title="bbox 215 2593 1195 2657; baseline 0.003 -3"><span class='ocrx_word' id='word_1_219' title='bbox 215 2593 379 2654; x_wconf 87' lang='lat' dir='ltr'>Gallorum.</span> <span class='ocrx_word' id='word_1_220' title='bbox 409 2599 438 2653; x_wconf 88' lang='lat' dir='ltr'>et</span> <span class='ocrx_word' id='word_1_221' title='bbox 459 2593 518 2652; x_wconf 88' lang='lat' dir='ltr'>iam</span> <span class='ocrx_word' id='word_1_222' title='bbox 539 2607 608 2652; x_wconf 91' lang='lat' dir='ltr'>oum</span> <span class='ocrx_word' id='word_1_223' title='bbox 631 2593 839 2655; x_wconf 87' lang='lat' dir='ltr'>accessissent</span> <span class='ocrx_word' id='word_1_224' title='bbox 852 2593 945 2656; x_wconf 88' lang='lat' dir='ltr'>animi</span> <span class='ocrx_word' id='word_1_225' title='bbox 958 2594 1070 2656; x_wconf 88' lang='lat' dir='ltr'>Dinoni</span> <span class='ocrx_word' id='word_1_226' title='bbox 1085 2609 1122 2656; x_wconf 89' lang='lat' dir='ltr'>ac</span> <span class='ocrx_word' id='word_1_227' title='bbox 1134 2594 1195 2657; x_wconf 92' lang='lat' dir='ltr'>Po-</span> 
     </span>
     <span class='ocr_line' id='line_1_30' title="bbox 213 2673 1196 2754; baseline 0.004 -18"><span class='ocrx_word' id='word_1_228' title='bbox 213 2677 341 2753; x_wconf 80' lang='lat' dir='ltr'>lyarato,</span> <span class='ocrx_word' id='word_1_229' title='bbox 364 2676 415 2753; x_wconf 91' lang='lat' dir='ltr'>qui</span> <span class='ocrx_word' id='word_1_230' title='bbox 429 2673 535 2739; x_wconf 91' lang='lat' dir='ltr'>Persei</span> <span class='ocrx_word' id='word_1_231' title='bbox 550 2675 679 2752; x_wconf 88' lang='lat' dir='ltr'>partium</span> <span class='ocrx_word' id='word_1_232' title='bbox 695 2685 797 2752; x_wconf 86' lang='lat' dir='ltr'>erant,</span> <span class='ocrx_word' id='word_1_233' title='bbox 816 2693 879 2740; x_wconf 89' lang='lat' dir='ltr'>non</span> <span class='ocrx_word' id='word_1_234' title='bbox 892 2676 1025 2754; x_wconf 77' lang='lat' dir='ltr'>benigne</span> <span class='ocrx_word' id='word_1_235' title='bbox 1038 2680 1131 2742; x_wconf 91' lang='lat' dir='ltr'>modo</span> <span class='ocrx_word' id='word_1_236' title='bbox 1146 2694 1196 2740; x_wconf 89' lang='lat' dir='ltr'>re·</span> 
     </span>
     <span class='ocr_line' id='line_1_31' title="bbox 214 2759 1196 2840; baseline 0.003 -19"><span class='ocrx_word' id='word_1_237' title='bbox 214 2777 364 2836; x_wconf 89' lang='lat' dir='ltr'>sponsum</span> <span class='ocrx_word' id='word_1_238' title='bbox 378 2760 504 2840; x_wconf 81' lang='lat' dir='ltr'>regibus</span> <span class='ocrx_word' id='word_1_239' title='bbox 517 2767 573 2835; x_wconf 70' lang='lat' dir='ltr'>est,</span> <span class='ocrx_word' id='word_1_240' title='bbox 589 2761 645 2822; x_wconf 89' lang='lat' dir='ltr'>sed</span> <span class='ocrx_word' id='word_1_241' title='bbox 657 2763 758 2837; x_wconf 85' lang='lat' dir='ltr'>palam</span> <span class='ocrx_word' id='word_1_242' title='bbox 770 2759 1089 2837; x_wconf 89' lang='lat' dir='ltr'>pronuntiatumbello</span> <span class='ocrx_word' id='word_1_243' title='bbox 1102 2763 1196 2824; x_wconf 85' lang='lat' dir='ltr'>linem</span> 
     </span>
     <span class='ocr_line' id='line_1_32' title="bbox 214 2844 1196 2923; baseline 0.002 -18"><span class='ocrx_word' id='word_1_244' title='bbox 214 2859 250 2905; x_wconf 88' lang='lat' dir='ltr'>sc</span> <span class='ocrx_word' id='word_1_245' title='bbox 270 2845 448 2906; x_wconf 87' lang='lat' dir='ltr'>auctoritate</span> <span class='ocrx_word' id='word_1_246' title='bbox 469 2861 526 2907; x_wconf 92' lang='lat' dir='ltr'>sua</span> <span class='ocrx_word' id='word_1_247' title='bbox 546 2844 745 2920; x_wconf 89' lang='lat' dir='ltr'>imposituros</span> <span class='ocrx_word' id='word_1_248' title='bbox 764 2860 852 2908; x_wconf 74' lang='lat' dir='ltr'>esse:</span> <span class='ocrx_word' id='word_1_249' title='bbox 875 2847 980 2922; x_wconf 87' lang='lat' dir='ltr'>itaque</span> <span class='ocrx_word' id='word_1_250' title='bbox 993 2847 1053 2923; x_wconf 92' lang='lat' dir='ltr'>ipsi</span> <span class='ocrx_word' id='word_1_251' title='bbox 1068 2862 1196 2923; x_wconf 90' lang='lat' dir='ltr'>quoque</span> 
     </span>
     <span class='ocr_line' id='line_1_33' title="bbox 213 2928 1195 3007; baseline 0.004 -21"><span class='ocrx_word' id='word_1_252' title='bbox 213 2941 304 3003; x_wconf 84' lang='lat' dir='ltr'>reges</span> <span class='ocrx_word' id='word_1_253' title='bbox 326 2944 445 3004; x_wconf 87' lang='lat' dir='ltr'>aequos</span> <span class='ocrx_word' id='word_1_254' title='bbox 465 2928 646 2989; x_wconf 89' lang='lat' dir='ltr'>adhiberent</span> <span class='ocrx_word' id='word_1_255' title='bbox 659 2930 779 2990; x_wconf 87' lang='lat' dir='ltr'>animos</span> <span class='ocrx_word' id='word_1_256' title='bbox 793 2930 833 2990; x_wconf 87' lang='lat' dir='ltr'>ed</span> <span class='ocrx_word' id='word_1_257' title='bbox 848 2946 957 3006; x_wconf 87' lang='lat' dir='ltr'>paoem</span> <span class='ocrx_word' id='word_1_258' title='bbox 971 2929 1195 3007; x_wconf 90' lang='lat' dir='ltr'>accipiendam.</span> 
     </span>
     <span class='ocr_line' id='line_1_34' title="bbox 208 3011 1195 3090; baseline 0.002 -18"><span class='ocrx_word' id='word_1_259' title='bbox 208 3076 210 3080; x_wconf 71' lang='grc'>,</span> <span class='ocrx_word' id='word_1_260' title='bbox 297 3011 388 3072; x_wconf 86' lang='lat' dir='ltr'><strong>XXX.</strong></span> <span class='ocrx_word' id='word_1_261' title='bbox 409 3011 473 3072; x_wconf 90' lang='lat' dir='ltr'>lam</span> <span class='ocrx_word' id='word_1_262' title='bbox 493 3011 576 3072; x_wconf 89' lang='lat' dir='ltr'>veris</span> <span class='ocrx_word' id='word_1_263' title='bbox 596 3011 780 3089; x_wconf 91' lang='lat' dir='ltr'>principium</span> <span class='ocrx_word' id='word_1_264' title='bbox 800 3021 880 3088; x_wconf 89' lang='lat' dir='ltr'>erat,</span> <span class='ocrx_word' id='word_1_265' title='bbox 902 3015 1038 3090; x_wconf 89' lang='lat' dir='ltr'>novique</span> <span class='ocrx_word' id='word_1_266' title='bbox 1051 3015 1149 3076; x_wconf 90' lang='lat' dir='ltr'>duces</span> <span class='ocrx_word' id='word_1_267' title='bbox 1164 3014 1195 3075; x_wconf 95' lang='lat' dir='ltr'>in</span> 
     </span>
     <span class='ocr_line' id='line_1_35' title="bbox 213 3091 1195 3171; baseline 0.008 -21"><span class='ocrx_word' id='word_1_268' title='bbox 213 3091 389 3168; x_wconf 90' lang='lat' dir='ltr'>provincias</span> <span class='ocrx_word' id='word_1_269' title='bbox 428 3100 590 3170; x_wconf 87' lang='lat' dir='ltr'>venerant,</span> <span class='ocrx_word' id='word_1_270' title='bbox 619 3096 727 3158; x_wconf 89' lang='lat' dir='ltr'>consul</span> <span class='ocrx_word' id='word_1_271' title='bbox 751 3095 901 3159; x_wconf 87' lang='lat' dir='ltr'>Aemilius</span> <span class='ocrx_word' id='word_1_272' title='bbox 921 3099 951 3158; x_wconf 89' lang='lat' dir='ltr'>in</span> <span class='ocrx_word' id='word_1_273' title='bbox 972 3097 1195 3171; x_wconf 82' lang='lat' dir='ltr'>Macedoniarn,</span> 
     </span>
    </p>
   </div>
   <div class='ocr_carea' id='block_1_6' title="bbox 213 3174 1196 3506">
    <p class='ocr_par' dir='ltr' id='par_1_8' title="bbox 213 3174 1196 3506">
     <span class='ocr_line' id='line_1_36' title="bbox 214 3174 1195 3261; baseline 0.005 -23"><span class='ocrx_word' id='word_1_274' title='bbox 214 3174 358 3239; x_wconf 86' lang='lat' dir='ltr'>Octavius</span> <span class='ocrx_word' id='word_1_275' title='bbox 378 3175 488 3240; x_wconf 89' lang='lat' dir='ltr'>Oreum</span> <span class='ocrx_word' id='word_1_276' title='bbox 508 3179 549 3240; x_wconf 90' lang='lat' dir='ltr'>ad</span> <span class='ocrx_word' id='word_1_277' title='bbox 570 3181 717 3254; x_wconf 84' lang='lat' dir='ltr'>classem,</span> <span class='ocrx_word' id='word_1_278' title='bbox 743 3181 870 3242; x_wconf 87' lang='lat' dir='ltr'>Anicius</span> <span class='ocrx_word' id='word_1_279' title='bbox 896 3181 927 3243; x_wconf 91' lang='lat' dir='ltr'>in</span> <span class='ocrx_word' id='word_1_280' title='bbox 948 3182 1118 3261; x_wconf 82' lang='lat' dir='ltr'>Illyricum,</span> <span class='ocrx_word' id='word_1_281' title='bbox 1144 3182 1195 3242; x_wconf 91' lang='lat' dir='ltr'>cui</span> 
     </span>
     <span class='ocr_line' id='line_1_37' title="bbox 213 3261 1194 3344; baseline 0.004 -22"><span class='ocrx_word' id='word_1_282' title='bbox 213 3261 388 3324; x_wconf 89' lang='lat' dir='ltr'>bellandum</span> <span class='ocrx_word' id='word_1_283' title='bbox 409 3263 559 3323; x_wconf 90' lang='lat' dir='ltr'>adversus</span> <span class='ocrx_word' id='word_1_284' title='bbox 581 3263 731 3325; x_wconf 88' lang='lat' dir='ltr'>Gentium.</span> <span class='ocrx_word' id='word_1_285' title='bbox 759 3270 847 3341; x_wconf 87' lang='lat' dir='ltr'>patre</span> <span class='ocrx_word' id='word_1_286' title='bbox 866 3263 1008 3326; x_wconf 86' lang='lat' dir='ltr'>Pleurato</span> <span class='ocrx_word' id='word_1_287' title='bbox 1027 3281 1102 3341; x_wconf 82' lang='lat' dir='ltr'>rege</span> <span class='ocrx_word' id='word_1_288' title='bbox 1122 3265 1194 3344; x_wconf 83' lang='lat' dir='ltr'>llly-</span> 
     </span>
     <span class='ocr_line' id='line_1_38' title="bbox 213 3344 1194 3425; baseline 0.005 -21"><span class='ocrx_word' id='word_1_289' title='bbox 213 3344 326 3408; x_wconf 89' lang='lat' dir='ltr'>riorum</span> <span class='ocrx_word' id='word_1_290' title='bbox 341 3351 371 3408; x_wconf 92' lang='lat' dir='ltr'>et</span> <span class='ocrx_word' id='word_1_291' title='bbox 385 3352 480 3406; x_wconf 90' lang='lat' dir='ltr'>matre</span> <span class='ocrx_word' id='word_1_292' title='bbox 492 3345 649 3425; x_wconf 67' lang='lat' dir='ltr'>Eurydica</span> <span class='ocrx_word' id='word_1_293' title='bbox 668 3349 789 3424; x_wconf 78' lang='lat' dir='ltr'>genitus</span> <span class='ocrx_word' id='word_1_294' title='bbox 804 3351 913 3411; x_wconf 85' lang='lat' dir='ltr'>lratres</span> <span class='ocrx_word' id='word_1_295' title='bbox 929 3350 1021 3425; x_wconf 87' lang='lat' dir='ltr'>duos,</span> <span class='ocrx_word' id='word_1_296' title='bbox 1042 3349 1194 3412; x_wconf 90' lang='lat' dir='ltr'>Platorem</span> 
     </span>
     <span class='ocr_line' id='line_1_39' title="bbox 213 3431 1196 3506; baseline 0.005 -17"><span class='ocrx_word' id='word_1_297' title='bbox 213 3433 345 3505; x_wconf 85' lang='lat' dir='ltr'>utroque</span> <span class='ocrx_word' id='word_1_298' title='bbox 360 3436 494 3506; x_wconf 86' lang='lat' dir='ltr'>parente,</span> <span class='ocrx_word' id='word_1_299' title='bbox 510 3431 722 3495; x_wconf 81' lang='lat' dir='ltr'>Caravantium</span> <span class='ocrx_word' id='word_1_300' title='bbox 735 3441 831 3494; x_wconf 87' lang='lat' dir='ltr'>matre</span> <span class='ocrx_word' id='word_1_301' title='bbox 845 3433 952 3493; x_wconf 89' lang='lat' dir='ltr'>eadem</span> <span class='ocrx_word' id='word_1_302' title='bbox 966 3439 1069 3495; x_wconf 87' lang='lat' dir='ltr'>natum</span> <span class='ocrx_word' id='word_1_303' title='bbox 1079 3431 1196 3503; x_wconf 80' lang='lat' dir='ltr'>habuit.</span> 
     </span>
    </p>
   </div>
   <div class='ocr_carea' id='block_1_7' title="bbox 0 0 1295 3954">
    <p class='ocr_par' dir='ltr' id='par_1_9' title="bbox 0 0 1295 3954">
     <span class='ocr_line' id='line_1_40' title="bbox 0 0 1295 3954; baseline 0 0"><span class='ocrx_word' id='word_1_304' title='bbox 0 0 1295 3954; x_wconf 95' lang='lat' dir='ltr'> </span> 
     </span>
    </p>
   </div>
  </div>
 </body>
</html>
