2574 3954
522 4 636 46 ,sl

562 48 627 64 ’Ὗ

199 221 270 287 roa·
346 221 573 282 nmaaxnnr.
596 221 679 282 oar.
695 220 795 282 aare.
818 226 852 294 [a.
869 225 901 278 u.
915 221 1013 297 assa]

201 378 325 452 sierant,
341 375 463 436 obviam
478 387 605 448 egresso
616 370 802 432 Archidamo
818 371 978 446 segniores
994 371 1065 432 iacti
1076 372 1179 432 locum

200 465 351 524 adversae
372 458 495 518 lectioni
518 456 666 517 dederant
679 456 718 516 ad
731 453 892 530 Popillium
914 470 981 515 eum
996 453 1078 514 mille
1093 456 1179 531 pedi-

199 548 285 608 tibus·
296 543 335 604 ab
346 541 511 602 Ambracia
521 539 751 610 arcessendum.
766 539 796 598 in
808 546 946 614 tempore
957 545 988 600 et
997 539 1178 614 Dinarchus,

202 630 375 706 praefectus
393 625 528 700 equitum
542 625 640 700 gentis
655 624 847 697 Aetolorum,
870 639 938 682 cum
954 621 1109 684 sexcentis
1125 639 1179 699 pe·

201 713 314 775 ditibus
340 718 371 771 et
394 708 548 786 equitibus
574 713 689 770 eentum
710 710 796 768 uenit.
825 707 900 767 satis
928 705 1089 768 constabat
1109 723 1177 767 eum

200 807 355 872 tamquam
375 794 414 855 ad
428 793 543 853 Persea
564 793 739 853 tendentem
755 790 888 852 Stratum
903 790 1041 864 venisse,
1063 797 1178 851 mutato

200 881 312 942 deinde
332 895 400 940 eum
422 877 544 938 fortuna
564 876 663 935 animo
684 875 831 936 Romanis
853 889 903 950 se,
931 875 1082 935 adversus
1099 891 1178 950 quos
1273 923 1274 938 ,

200 971 341 1037 venerat,
362 960 511 1022 iunxisse.
534 974 591 1019 nec
610 958 759 1034 Popillius
781 958 920 1020 securior
941 974 1030 1032 quam
1048 958 1179 1019 debebat

199 1064 270 1109 esse
285 1048 362 1106 inter
376 1053 438 1106 tam
459 1041 582 1102 mobilia
603 1042 724 1116 ingenia
738 1049 811 1104 erat.
834 1043 938 1103 claves
954 1050 1111 1117 portarum
1125 1058 1177 1102 cu-

199 1131 393 1206 stodiamque
408 1142 563 1187 murorum
578 1141 654 1187 suae
669 1128 823 1202 extemplo
838 1126 1000 1202 potestatis
1022 1126 1106 1201 lecit,
1127 1127 1177 1186 Dl-

199 1214 346 1276 narchum
359 1212 552 1286 Aetolosque
567 1225 636 1271 eum
656 1207 813 1270 iuventute
835 1209 1014 1272 Stratiorum
1029 1207 1059 1270 in
1076 1225 1177 1270 arcem

199 1315 255 1375 per
276 1295 421 1374 praesidii
441 1295 579 1370 speciem
599 1293 722 1354 amovit.
747 1293 880 1355 Perseus
901 1294 939 1355 ab
954 1291 1178 1354 imminentibus

199 1382 352 1458 superiori
373 1379 451 1456 parti
471 1379 557 1440 urbis
583 1377 707 1439 tumulis
727 1377 882 1453 temptatis
903 1377 1082 1451 colloquiis,
1110 1393 1177 1438 cum
1273 1381 1274 1398 ¹

200 1467 370 1528 obstinatos
385 1472 478 1540 atque
492 1463 582 1523 etiam
597 1462 666 1522 telis
677 1463 786 1536 procul
797 1469 937 1522 arcentes
949 1461 1074 1537 videret,
1091 1461 1177 1537 quin-

200 1566 261 1626 que
274 1548 357 1608 milia
372 1563 522 1622 passuum
536 1546 575 1606 ab
590 1546 665 1606 urbe
676 1552 761 1606 trans
771 1545 1065 1606 Petitarum-amnem
1076 1547 1180 1622 posuit
1273 1553 1274 1566 ¹

199 1641 309 1694 castra.
337 1631 378 1691 ibi
400 1630 528 1691 oonsilio
550 1628 701 1690 advocato
724 1644 793 1689 eum
813 1628 1017 1690 Archidamus
1038 1629 1177 1706 Epirota·
1273 1619 1274 1660 ²

197 1731 328 1791 rumque
343 1715 521 1788 transfugae
534 1712 708 1784 retinerent,
724 1713 928 1774 Macedonum
944 1712 1100 1789 principes
1116 1729 1179 1774 non

198 1800 396 1879 pugnandum
418 1814 488 1859 cum
508 1796 619 1858 iniesto
640 1803 780 1872 tempore
801 1799 872 1858 anni
887 1805 1063 1869 censerent,
1085 1798 1178 1858 nullis

170 1889 172 1892 ’
200 1883 390 1961 praeparatis
407 1880 642 1954 commeatibus,
665 1896 733 1940 oum
748 1880 882 1957 inopiam
896 1881 983 1956 prius
998 1881 1178 1942 obsidentes

200 1984 291 2043 quam
307 1967 429 2028 obsessi
445 1963 566 2027 sensuri
581 1971 695 2038 essent,
709 1965 842 2026 maxime
857 1965 941 2042 quod
952 1965 1086 2028 hostium
1096 1965 1179 2026 haud

200 2051 308 2129 procul
329 2050 401 2110 inde
420 2049 549 2110 hiberna
563 2055 664 2122 erant,
685 2049 806 2110 territus
820 2049 852 2110 in
865 2050 1064 2125 Aperantiam
1077 2057 1179 2112 castra

200 2135 301 2196 movit.
327 2132 477 2210 Aperanti
499 2150 568 2194 eum
590 2140 717 2208 propter
735 2133 913 2194 Archidami
934 2149 1074 2210 magnam
1095 2133 1125 2193 in
1141 2149 1179 2194 ea

198 2226 288 2295 gente
303 2220 430 2294 gratiam
445 2218 719 2293 auctoritatemque
734 2232 891 2279 censensu
903 2219 1036 2279 omnium
1048 2234 1177 2293 accepe-

199 2311 283 2365 runt:
315 2304 342 2364 is
363 2304 432 2379 ipse
452 2317 521 2362 cum
543 2303 785 2377 octingentorum
806 2302 931 2364 militum
951 2301 1107 2379 praesidio
1128 2302 1178 2362 his

199 2395 247 2448 est
271 2386 475 2462 praepositus.
503 2385 609 2445 XXlll.
628 2400 684 2444 rex
706 2401 774 2445 cum
793 2400 854 2445 non
876 2387 994 2447 minore
1012 2384 1179 2447 vexatione

200 2473 403 2531 iumentorum
415 2469 643 2542 hominumque,
666 2483 758 2542 quam
771 2478 907 2544 venerat,
922 2471 950 2530 in
966 2470 1179 2532 Macedoniam
1270 2513 1271 2520 κ

201 2554 303 2614 rediit=
332 2553 465 2628 Appium
487 2558 588 2610 tamen
609 2551 647 2610 ab
670 2551 833 2612 obsidione
853 2553 1006 2615 Phanotes
1027 2554 1107 2614 lama
1122 2555 1178 2614 du-

200 2636 295 2696 centis
310 2637 350 2697 ad
365 2635 496 2696 Stratum
507 2633 611 2695 Persei
623 2635 795 2696 summovit.
812 2636 920 2698 Cleuas
936 2655 1005 2700 oum
1021 2639 1179 2714 praesidio

199 2721 396 2796 impigrorum
410 2720 554 2780 iuvenum
569 2719 727 2780 insecutus
738 2721 796 2781 sub
806 2720 962 2784 radicibus
973 2738 1071 2798 prope
1086 2721 1179 2784 inviis

200 2804 346 2866 montium
367 2803 406 2864 ad
426 2803 508 2864 mille
527 2801 685 2864 hominum
704 2817 743 2864 ex
759 2804 879 2879 agmine
894 2805 1040 2882 impedito
1056 2805 1179 2881 occidit,
1269 2807 1270 2814 ’

200 2889 239 2947 ad
254 2888 403 2949 ducentos
420 2888 510 2963 cepit.
533 2887 655 2963 Appius
670 2889 822 2963 superatis
836 2890 995 2966 angustiis,
1010 2890 1040 2950 in
1057 2906 1178 2966 campo,

201 2987 292 3044 quem
313 2971 455 3032 Meleona
473 2977 599 3045 vocant,
622 2972 731 3032 stativa
746 2971 863 3032 dierum
878 2989 1048 3049 paucorum
1061 2973 1178 3034 habuit.
1268 3029 1269 3040 ,

199 3053 319 3114 interim
347 3053 457 3117 Cleuas
482 3055 647 3130 adsumpto
673 3053 872 3132 Philostrato,
905 3059 958 3133 qui
982 3057 1178 3133 Epirotarum

200 3143 321 3212 gentem
343 3136 489 3211 habebat,
520 3137 551 3197 in
583 3154 689 3214 agrum
713 3139 954 3214 Antigonensem
980 3141 1178 3202 transcendit.

199 3220 386 3283 Macedones
398 3223 437 3282 ad
449 3223 720 3298 depopulationem
732 3223 878 3298 proiecti;
893 3224 1094 3287 Philostratus
1107 3241 1178 3286 cum

201 3305 327 3367 cohorte
348 3322 405 3367 sua
425 3307 456 3366 in
471 3304 590 3366 insidiis
605 3307 674 3367 loco
689 3306 823 3368 obscuro
838 3308 987 3370 consedit.
1009 3310 1039 3368 in
1055 3309 1178 3384 palatos

200 3389 401 3465 populatores
417 3406 485 3451 cum
499 3389 674 3465 erupissent
689 3389 728 3450 ab
738 3389 912 3467 Antigonea
925 3393 1042 3467 armati,
1057 3392 1176 3467 lugien-

201 3481 246 3534 tes
262 3489 316 3536 eos
338 3481 561 3551 persequentes
581 3472 709 3535 effusius
724 3473 754 3534 in
775 3477 885 3536 vallem
899 3475 1051 3536 insessam
1067 3476 1105 3536 ab
1120 3475 1177 3535 ho·
