2570 3952
175 261 228 306 ,nv
604 240 632 288 r.
651 239 727 288 mvn

174 398 294 464 praemiis
319 409 422 459 operum
446 393 521 442 ielix:
546 393 602 456 ipse
626 391 742 441 fortunae
761 394 803 441 diu
821 407 969 458 prosperae,
993 403 1016 441 et
1034 395 1060 442 in
1078 393 1159 461 longo

174 477 260 516 tenore
285 463 412 513 felicitatis
438 462 538 526 maguis
563 462 662 509 interim
688 462 752 510 ictus
776 461 934 521 vulneribus,
959 462 1064 518 exsilio.
1082 465 1160 512 ruina

175 535 297 600 partium,
320 547 365 596 pro
388 532 478 594 quibus
496 535 614 592 steterat,
638 529 705 580 filiae
721 538 814 590 morte,
839 531 909 580 exitu
927 538 978 579 tam
996 531 1062 580 tristi
1081 540 1160 596 atque

175 603 276 662 acerbo,
298 601 410 651 omnium
428 599 590 650 adversorum
607 597 679 663 nihil,
697 606 725 646 ut
741 600 796 647 vlro
816 599 920 664 dignum
932 608 994 658 erat,
1011 600 1070 650 tulit
1081 615 1159 665 prae-

175 685 213 723 ter
223 678 344 722 mortem:
369 685 434 731 quoe
447 684 505 718 vere
517 669 661 716 aestimanti
674 669 756 716 minus
768 667 872 733 indigna
885 668 963 717 videri
976 671 1068 732 potuit,
1088 671 1159 732 quod

176 759 191 792 a
209 743 305 791 victore
327 739 428 789 inimico
447 737 483 787 nil
505 736 632 786 crudelius
654 750 745 800 pessus
769 744 838 795 erat,
863 752 938 800 quam
957 737 1024 799 quod
1043 738 1158 787 eiusdem

176 811 290 860 fortunae
313 823 418 872 compos
436 803 619 873 ipse-lecisset.
649 807 672 854 si
690 806 747 866 quis
764 813 848 854 tamen
866 807 1000 855 virtutibus
1014 807 1078 855 vitia
1094 821 1159 870 peu·

176 882 250 936 sarit,
268 879 307 928 vir
324 891 446 941 magnus,
464 890 537 932 acer,
554 875 724 924 memorabilis
741 872 803 932 init,
820 883 844 922 et
861 876 885 923 in
903 876 975 924 cuius
993 874 1082 924 laudes
1099 890 1153 939 per.

176 948 319 1012 sequendas
339 944 457 995 Cicerone
473 943 601 992 laudatore
618 958 681 1005 opus
693 942 777 990 luerit.
802 943 841 992 M.
856 943 954 994 Seneca
965 940 1069 993 Suorcr.
1088 944 1155 992 VII.

176 1019 215 1081 Cf.
236 1014 388 1068 arautem,
407 1013 530 1076 Supplem.
550 1027 605 1074 cop.
625 1009 666 1061 60.
685 1027 739 1075 sqq.

535 1079 579 1129 Ex
596 1080 638 1130 lid.
657 1079 799 1130 CXXVII.

227 1159 262 1208 or)
282 1152 405 1212 Quoniam
422 1151 486 1200 inter
499 1152 641 1215 Augustum
658 1158 682 1198 ot
693 1150 830 1198 Antonium
846 1149 967 1212 reliquiae
985 1150 1067 1201 adhue
1087 1163 1160 1200 erant

176 1221 351 1280 dissensionis,
371 1219 490 1270 Cocceius
503 1219 594 1277 Nerva,
611 1232 722 1282 proavus
735 1217 840 1277 Nervae,
860 1220 903 1281 qui
920 1226 1009 1282 postea
1023 1221 1159 1286 imperarit

176 1293 280 1350 liomae,
298 1289 428 1340 mandavit
444 1289 569 1353 Augusto,
589 1295 616 1334 ut
628 1289 747 1346 mitteret,
758 1287 801 1350 qui
815 1286 846 1335 de
859 1302 959 1337 summa
969 1303 1052 1338 rernm
1066 1296 1158 1338 tracta-

175 1370 240 1411 rent.
271 1375 332 1426 ergo
348 1361 443 1407 missus
462 1366 500 1406 est
518 1356 651 1406 Maecenas
670 1371 727 1406 cum
745 1357 875 1421 Agrippa,
898 1359 941 1418 qui
959 1365 1094 1420 utrumque
1113 1373 1159 1407 ex-

177 1431 281 1481 ercitum
292 1432 318 1478 in
328 1443 379 1478 una
391 1433 475 1476 castra
484 1432 629 1492 coegerunt,
640 1432 668 1474 ut
683 1425 719 1474 ait
727 1425 815 1475 Livius
827 1425 870 1473 lib.
883 1424 972 1494 CXXV
974 1427 1003 1479 11.
1013 1426 1159 1491 intelligen-

178 1500 237 1550 dum
249 1505 342 1555 antem,
360 1495 428 1558 quod
436 1495 540 1543 Fonteio
552 1495 630 1543 misso
643 1495 674 1544 ab
683 1495 793 1542 Antonio
806 1495 937 1558 Augustus
949 1495 1119 1545 Maecenatem
1134 1509 1160 1546 et

177 1576 274 1618 ceteros
292 1566 325 1614 ad
341 1565 449 1614 eundem
469 1563 553 1611 locum
565 1563 683 1612 emiserit.
711 1563 781 1612 Acro
797 1563 834 1612 ad
847 1563 940 1613 Horat.
953 1561 1008 1612 Sat.
1021 1563 1046 1628 I,
1061 1564 1086 1621 5,
1099 1562 1144 1616 29.

165 1691 167 1694 Ι
227 1639 262 1690 dii
280 1633 445 1683 Dissensionc
455 1638 509 1680 orta
521 1633 586 1680 inter
596 1630 729 1680 Gaesarem
738 1632 882 1696 Augustum
893 1634 1082 1696 Antoniumque
1096 1631 1158 1682 Coc-

178 1705 247 1754 ceius
266 1703 356 1761 Nerva,
376 1714 439 1750 avus
455 1701 518 1764 eius,
536 1700 578 1762 qui
596 1707 686 1764 postea
702 1699 799 1749 Romae
815 1700 956 1766 imperavit,
975 1703 1048 1765 petiit
1067 1701 1156 1751 aliae·

178 1789 243 1832 sare,
262 1780 290 1820 nt
309 1771 429 1833 aliquem,
447 1771 490 1832 qui
510 1769 541 1818 de
559 1784 658 1818 summa
676 1785 758 1818 rerum
775 1776 901 1833 tractaret,
920 1771 1028 1820 mitteret
1045 1769 1158 1820 Tarraci-

177 1857 246 1891 nam.
272 1841 303 1889 Et
320 1841 431 1906 primurn
444 1839 585 1897 Maecenas,
604 1853 664 1888 mox
681 1847 705 1887 et
717 1839 832 1903 Agrippa
850 1841 979 1902 congressi
996 1848 1063 1899 sunt,
1082 1839 1161 1902 hique

178 1913 329 1976 pepigerunt
346 1909 422 1958 fidam
440 1906 692 1970 conuscat‘rssimam,
712 1917 735 1956 ct
753 1907 779 1956 in
796 1921 846 1956 una
863 1915 947 1958 castra
963 1907 1071 1957 conferri
1085 1909 1160 1974 signu

179 1979 309 2039 utriusque
323 1979 447 2026 exercitus
466 1977 603 2026 iusserunt.
633 1977 686 2024 Hoc
702 1982 725 2025 et
739 1977 768 2030 T.
778 1975 865 2024 Livius
879 1976 924 2027 lib.
939 1975 1060 2026 CXXVII.
1074 1977 1161 2036 relert,

178 2054 282 2112 excepta
301 2043 430 2110 Capitonis
448 2045 582 2094 mentione.
602 2044 744 2108 Porphyrr'o
762 2045 799 2093 ud
817 2045 908 2094 Horat.
926 2043 982 2094 Sat.
1000 2045 1024 2104 I,
1041 2048 1067 2102 ir,
1084 2043 1128 2097 29.

230 2121 264 2174 5³)
284 2115 324 2165 Ab
343 2113 452 2164 Antonio
470 2114 565 2164 missus
585 2113 665 2162 iuerat
683 2114 801 2162 Fonteius
820 2112 909 2180 Capito
928 2114 1037 2180 legatus,
1055 2116 1086 2164 ab
1106 2119 1161 2164 An·

179 2195 254 2250 gusto
272 2185 404 2234 Maecenas
423 2183 591 2232 intercedente
609 2181 714 2232 Cocceio
731 2181 826 2241 Nerva,
851 2197 947 2247 proavo
962 2182 1059 2232 Nervae
1079 2185 1162 2248 irnpe-

178 2254 284 2313 ratoris,
304 2253 347 2316 qui
365 2260 389 2302 et
407 2255 524 2318 Augusto
541 2259 565 2301 et
580 2251 688 2300 Antonio
705 2259 793 2316 gratus
811 2260 876 2311 erat,
902 2267 960 2301 curn
977 2251 1099 2318 Agrippa.
1131 2269 1162 2303 ea

180 2330 264 2372 autem
283 2322 429 2371 condicione
445 2329 612 2370 convenerant
625 2320 711 2386 legati,
730 2328 757 2368 ut
769 2321 800 2368 de
811 2335 910 2370 summa
920 2335 1005 2369 rerum
1016 2327 1162 2376 tractarent.

180 2400 343 2452 exortumque
362 2390 548 2440 dissensionem
566 2391 630 2438 iuter
648 2389 712 2438 diros
728 2387 776 2438 hos
788 2391 951 2454 imperatores
965 2399 1162 2455 componerent;

180 2459 249 2521 quod
267 2466 291 2508 et
310 2457 430 2522 lecerunt,
452 2464 476 2507 et
492 2465 627 2518 utrumque
646 2458 780 2506 exercitum
799 2460 868 2507 iuxta
883 2458 1046 2508 Brundisium
1066 2461 1092 2508 in
1109 2473 1163 2508 nna

180 2534 261 2577 castra
280 2541 336 2574 curn
354 2541 446 2590 magna
465 2525 560 2574 laetitia
577 2533 721 2589 coegerunt,
739 2533 767 2574 ut
784 2526 859 2576 lnlert
871 2529 959 2576 Livius
977 2526 1020 2577 lib.
1035 2527 1161 2578 GXXVll.

181 2596 358 2646 Ocnuaentrtor
378 2594 479 2660 Graqoii
495 2594 532 2642 cd
549 2594 641 2643 Horat.
660 2593 715 2642 Sat.
732 2593 756 2658 I,
773 2595 799 2652 5,
817 2592 858 2645 29.
879 2595 918 2660 Os.
931 2596 1080 2650 Freinshem.
1095 2596 1163 2660 Sup-

178 2667 249 2728 plem.
270 2677 325 2726 cap.
344 2661 387 2714 20.
406 2677 462 2728 aqq.

514 2727 529 2762 *
547 2731 593 2781 Ec
609 2731 652 2782 lib.
672 2732 826 2783 CXXXIII.

229 2807 264 2862 ott
282 2802 371 2852 Livius
385 2802 462 2852 refert
481 2801 647 2867 Cleopatram,
665 2817 743 2863 quum
756 2804 787 2852 ab
802 2805 918 2868 Augusto
935 2811 1010 2868 capta
1027 2802 1163 2866 indulgen-

180 2871 230 2920 tius
249 2872 281 2921 dc
296 2872 420 2922 industris
432 2879 587 2933 tractaretur,
602 2871 685 2920 dicere
698 2870 813 2920 solitam:
833 2871 890 2922 Non
904 2871 1081 2935 triumphalem.
1094 2872 1165 2922 Gom—

180 2946 301 2988 mactator
318 2941 420 3004 Oraquii
441 2940 477 2988 ad
492 2941 587 2989 Horat.
609 2937 655 2988 Od.
674 2938 698 2998 I,
717 2936 760 2997 37,
778 2937 822 2993 30.

526 3004 541 3036 *
558 3007 604 3056 Ere
621 3007 664 3059 lid.
684 3007 821 3058 CXXXV.

232 3080 267 3131 eat
284 3074 376 3125 Caesar
387 3076 517 3142 Augustus
536 3077 561 3125 in
579 3077 728 3140 spectaculis
743 3075 878 3144 [Romano]
891 3079 985 3144 populo
998 3081 1105 3137 omnint,
1124 3096 1165 3130 re-

182 3159 285 3210 gressus
304 3159 319 3193 a
335 3143 464 3194 Britannia
482 3143 573 3202 insula,
591 3152 670 3193 totum
690 3147 774 3195 orbem
792 3156 915 3198 terrarum
933 3154 984 3197 tam
1003 3147 1068 3197 bello
1087 3164 1165 3210 quam

182 3214 300 3263 amicitiis
318 3215 432 3262 Romano
452 3213 559 3277 imperio
584 3210 665 3278 [pacis
681 3215 844 3282 abundantia]
865 3216 1002 3268 subditum.
1032 3219 1166 3280 apponius

182 3284 207 3330 in
225 3283 350 3334 canticam
373 3283 526 3334 Gonticoncu
550 3279 609 3331 XII
630 3297 657 3344 p.
682 3280 742 3335 237.
771 3285 806 3348 cf.
831 3285 1012 3336 Schneidewini
1036 3288 1163 3348 Disputat.

181 3352 299 3401 incertam
316 3352 389 3402 Aetio
402 3351 591 3416 paitotoqorum.
611 3351 730 3402 Caerellia
750 3350 817 3404 1844
834 3369 863 3416 p.
879 3352 915 3405 40
931 3369 986 3419 sqq.

535 3417 582 3469 Era
595 3420 636 3471 tto.
655 3420 807 3474 CXXXVI.

234 3493 268 3540 att)
286 3489 381 3540 Eodem
400 3501 465 3537 anno
481 3487 555 3537 ludos
574 3489 716 3540 saeculares
730 3489 822 3540 Caesar
840 3492 936 3556 ingenti
954 3499 1076 3557 apparatu
1095 3491 1165 3549 lectt,
