2598 3956
224 220 268 282 ao
434 218 549 279 traua
563 217 623 276 xc.
647 215 729 276 oar.
744 222 788 277 aa.
812 215 1006 292 [aucam]

224 371 333 444 disset,
349 366 461 428 inde-in
474 375 566 442 portu
575 366 689 427 relictis
702 367 832 426 navibus
845 381 913 426 cum
923 364 1061 425 venisset
1071 366 1210 441 Romam,

227 462 305 514 mter
324 452 526 528 exponendas
546 466 597 511 res
619 466 697 525 quas
717 450 759 510 ibi
779 449 944 526 gessisset,
965 448 1047 510 haud
1070 449 1208 510 dublein

226 553 331 614 regem
345 537 519 615 lllyriorum
538 535 676 595 Gentium
697 532 846 594 latrocinii
868 533 967 593 omnis
981 533 1121 593 maritimi
1137 549 1209 594 cau-

226 637 294 682 sam
316 620 438 682 avertit=
460 633 505 680 err
520 623 616 694 regno
638 618 705 679 eius
723 633 830 678 omnes
844 632 940 676 naves
955 631 1041 689 esso,
1064 633 1208 693 quaesu-

227 705 294 780 peri
304 704 397 764 maris
409 719 495 764 oram
506 703 711 778 depopulatae
721 708 843 771 essent;
867 701 906 760 de
916 699 964 760 his
976 700 1069 761 rebus
1080 717 1116 762 se
1127 702 1209 776 lega·

226 796 276 849 tos
300 787 438 859 misisse,
465 802 522 847 nee
549 786 751 849 conveniendi
776 785 858 860 regis
883 790 1066 859 potestatem
1088 785 1208 845 iactam.

226 879 375 933 venerant
385 871 513 932 Romam
525 869 776 947 legatiaGentio,
793 869 845 945 qui
858 883 919 944 quo
931 874 1069 944 tempore
1079 867 1210 930 Romani
1236 943 1242 950 ι
1286 863 1288 906 l

226 954 430 1016 conveniendi
448 955 531 1030 regis
552 969 648 1016 causa
669 953 840 1024 venissent,
864 967 988 1027 aegrum
1003 952 1081 1012 lorte
1094 967 1165 1012 eum
1178 952 1208 1011 in

226 1040 339 1100 ultimis
355 1038 494 1114 partibus
509 1038 606 1098 luisse
620 1037 707 1112 regni
722 1037 872 1097 dicerent:
895 1042 1000 1112 petere
1016 1035 1156 1096 Gentium
1170 1035 1209 1096 ab
1286 1033 1288 1108 l

225 1128 351 1195 senatu,
366 1137 405 1181 ne
420 1121 581 1182 crederent
595 1121 734 1182 confictis
749 1119 926 1182 criminibus
940 1119 1036 1192 inse,
1060 1135 1139 1194 quae
1154 1119 1209 1180 ini·
1287 1119 1288 1202 j

227 1207 297 1267 mici
319 1205 510 1266 detulissent.
544 1207 584 1268 ad
604 1220 641 1266 ea
661 1204 816 1266 Duronius
837 1203 948 1264 adiecit
967 1203 1068 1264 multis
1090 1203 1210 1267 civibus
1287 1207 1288 1236 ³

225 1289 372 1351 Romanis
394 1296 424 1350 et
444 1289 539 1349 sociis
553 1289 651 1350 Latini
671 1290 802 1349 nominis
816 1286 942 1349 iniurias
958 1287 1053 1348 lactas
1068 1288 1100 1347 in
1113 1303 1209 1362 regno
1287 1297 1288 1360 l

223 1377 303 1448 eius,
319 1381 349 1434 et
364 1374 448 1433 cives
462 1373 620 1434 Romanos
634 1373 695 1434 dici
710 1372 865 1451 corcyrae
877 1371 1011 1432 retineri.
1032 1387 1088 1432 eos
1101 1386 1207 1432 omnes

226 1459 356 1519 Romam
379 1457 492 1517 adduci
511 1458 639 1532 placuit,
666 1457 697 1516 0.
720 1457 878 1517 Claudium
899 1460 1072 1531 praetorem
1095 1469 1208 1530 cogno-

227 1556 332 1612 scere,
354 1555 455 1614 neque
477 1546 547 1600 ante
564 1540 671 1600 Gentio
690 1540 755 1614 regi
776 1540 923 1614 legatisve
943 1537 1011 1598 eius
1025 1554 1209 1616 responsum

225 1624 392 1766 reddlInter
407 1708 517 1768 multos
533 1707 620 1779 alios,
637 1723 717 1783 quos
733 1709 906 1782 pestilentia
918 1708 986 1768 eius
1002 1709 1073 1767 anni
1088 1707 1210 1768 absum-

130 1866 132 1870 ⁷
225 1793 299 1868 psit,
314 1790 493 1850 sacerdotes
509 1805 635 1866 quoque
651 1791 769 1866 aliquot
779 1791 892 1852 mortui
907 1800 987 1852 sunt.
1019 1793 1053 1851 L.
1068 1791 1211 1851 Valerius

226 1875 357 1935 Flaccus
373 1874 511 1948 pontifex
524 1881 663 1935 mortuus
679 1881 740 1934 est:
764 1874 873 1935 ineius
889 1876 991 1936 locum
1002 1874 1150 1936 suffectus
1165 1881 1212 1935 est

227 1959 261 2031 Q.
277 1957 389 2017 Fabius
410 1955 524 2018 Labeo.
548 1957 581 2018 P.
596 1957 742 2030 Manlius,
766 1959 817 2034 qui
835 1974 934 2034 nuper
948 1974 987 2018 ex
1000 1958 1145 2020 ulteriore
1159 1958 1211 2018 lli·

227 2041 339 2115 spania
352 2041 494 2114 redierat,
508 2042 645 2103 triumvir
657 2043 766 2117 epulo=
788 2041 821 2116 Q.
834 2043 959 2104 Fulvius
970 2042 1010 2102 Μ.
1022 2043 1055 2105 F.
1067 2043 1211 2102 inlocum

227 2124 296 2184 eius
319 2124 455 2184 triumvir
475 2133 653 2200 cooptatus,
675 2134 738 2186 tum
759 2135 966 2201 praetextatus
982 2134 1056 2186 erat.
1084 2126 1124 2187 de
1137 2139 1212 2201 rege

226 2207 369 2268 sacrifico
384 2209 568 2270 sufficiendo
583 2209 614 2270 in
629 2211 731 2270 locum
742 2209 794 2270 Cn.
806 2209 938 2270 Cornelii
949 2210 1126 2271 Dolabellae
1138 2225 1211 2271 con-

226 2291 322 2352 tentio
343 2294 421 2353 inter
442 2293 473 2352 c.
493 2293 656 2354 ‘Servilium
677 2293 854 2368 pontificem
873 2296 1039 2355 maximum
1059 2295 1115 2354 fuit
1135 2302 1165 2354 et
1177 2294 1210 2353 L.

228 2376 401 2436 Cornelium
415 2377 604 2438 Dolabellam
625 2378 817 2438 duumvirum
839 2380 993 2452 navalem,
1016 2391 1106 2452 quem
1122 2383 1154 2436 ut
1168 2379 1211 2435 in·

227 2466 405 2532 auguraret,
421 2460 560 2534 pontifex
574 2461 752 2536 magistratu
766 2476 838 2522 sese
851 2463 995 2524 abdicare
1008 2460 1141 2522 iubebat.
1163 2475 1211 2519 re

227 2543 412 2618 cusantique
432 2543 464 2602 id
478 2543 580 2604 lacere
595 2545 635 2604 ob
649 2560 717 2605 eam
731 2561 796 2606 rem
810 2548 904 2611 multa
919 2546 1080 2607 duumviro
1096 2544 1178 2606 diota
1193 2561 1211 2603 a

227 2624 390 2700 pontifice3
413 2628 515 2702 deque
531 2644 576 2704 ea,
592 2644 660 2688 eum
674 2637 887 2706 provocasset,
902 2637 1048 2692 certatum
1061 2629 1100 2689 ad
1111 2644 1211 2704 popu-

227 2711 299 2770 lum.
328 2725 396 2772 cum
417 2712 521 2785 plures
543 2713 602 2774 iam
620 2711 719 2774 tribus
735 2712 815 2775 intro
830 2722 959 2775 vocatae
974 2715 1055 2776 dicto
1072 2727 1144 2773 esse
1159 2728 1211 2771 au·

228 2793 361 2855 dientem
374 2795 512 2871 pontifici
526 2798 718 2859 duumvirum
729 2797 877 2871 iuberent,
895 2798 1082 2873 multamque
1093 2795 1211 2869 remitti,

227 2879 255 2937 si
269 2878 448 2953 magistratu
463 2895 499 2940 se
514 2881 698 2956 abdicasset,
713 2883 850 2944 ultimum
866 2883 905 2942 de
920 2883 1006 2944 caelo
1020 2880 1104 2957 quod
1118 2879 1211 2940 comi·

223 2961 269 3018 tia
282 2963 417 3022 turbaret
431 2963 600 3024 intervenit.
632 2965 740 3041 religio
757 2965 830 3027 inde
844 2967 899 3027 fuit
917 2965 1113 3041 pontificibus
1128 2964 1211 3024 inau-

227 3045 357 3115 gurandi
378 3045 564 3108 Dolabellae.
597 3047 628 3107 P.
649 3049 793 3111 Cloelium
821 3049 957 3110 Siculum
981 3051 1210 3124 inaugurarunt,

228 3127 281 3199 qui
302 3129 440 3189 seeundo
456 3129 525 3191 loco
539 3132 739 3207 inauguratus
754 3141 828 3195 erat.
861 3135 946 3194 exitu
961 3133 1032 3192 anni
1047 3138 1078 3191 et
1091 3131 1122 3192 C.
1141 3129 1211 3191 Ser-

226 3208 316 3269 vilius
330 3210 474 3274 Geminus
487 3215 625 3289 pontifex
636 3218 785 3278 maximus
797 3217 948 3279 decessit=
964 3217 1045 3277 idem
1057 3214 1213 3275 decemvir

227 3309 387 3355 sacrorum
399 3296 461 3356 luit.
485 3300 624 3372 pontifex
635 3299 665 3358 in
677 3301 779 3360 locum
789 3302 856 3361 eius
871 3318 891 3361 a
905 3301 1036 3376 collegio
1048 3304 1212 3374 cooptatus

225 3386 274 3438 est
290 3377 323 3451 Q.
338 3377 463 3440 Fulvius
478 3381 624 3454 Flaccum
646 3384 718 3444 inde
735 3383 874 3459 pontifex
888 3385 1039 3445 maximus
1053 3383 1094 3442 M.
1109 3380 1213 3442 Aemi-

226 3460 285 3522 lius
300 3461 450 3540 LepiduS,
473 3481 541 3525 eum
561 3467 647 3527 multi
665 3467 737 3527 clari
752 3467 809 3528 viri
823 3470 991 3544 petissent;
1012 3475 1042 3527 et
1056 3463 1214 3527 decemvir
