2598 3956
315 199 734 289 LIBERXL1.0AP.e.s.o.
758 231 915 299 [tcum]
1049 225 1111 299 107

128 380 239 442 milites
259 379 430 456 perierunt,
447 381 555 455 olores
576 379 605 439 in
627 381 772 440 matutine
790 381 864 456 iuga
883 397 976 457 quam
990 379 1110 448 inreei-

128 464 249 540 piendis
265 463 382 524 eastris.
822 513 824 520 Α

213 547 251 606 V.
272 545 417 608 Fortuita
425 547 535 622 evenit
551 553 584 606 ut
596 545 648 606 Cn.
660 545 733 608 etL.
744 547 864 608 Gavillii
874 548 1001 624 Novelli,
1012 551 1110 626 Aqui·

128 630 271 703 reienses,
287 645 357 691 eum
372 637 542 692 commeatu
555 629 729 702 venientes,
749 631 849 705 ignnri
861 647 962 708 prope
976 631 1006 692 in
1021 643 1111 710 saeta

16 733 19 742 ¹
130 723 230 778 oestro
244 713 282 774 ab
296 711 408 774 Histris
424 712 600 776 inciderent.
622 713 643 772 ii
658 729 726 774 eum
741 713 915 790 Aquileiam
927 715 1040 778 relictis
1051 716 1109 778 im-

127 797 312 876 pedimentis
337 797 539 873 remgissent,
565 798 668 858 omnia
691 805 808 859 terrore
832 813 869 858 ae
894 797 1023 860 tumultu
1046 816 1109 861 uon

128 883 290 958 Aquileiae
303 881 396 943 modo
410 881 468 942 sed
481 881 599 942 Romae
612 896 738 958 quoque
754 889 826 958 uest
843 897 962 956 peuces
976 881 1110 945 diesim.

128 969 306 1043 pleverunt;
328 981 390 1041 quo
410 979 471 1026 non
493 972 584 1042 capta
598 961 714 1026 tautum
725 972 829 1026 eastra
841 966 881 1027 ab
895 964 1035 1044 hostibus
1053 981 1111 1028 nee

129 1051 215 1126 iuge,
238 1063 318 1124 quae
332 1065 407 1110 vera
420 1057 500 1124 erat,
521 1049 578 1110 sed
594 1049 730 1127 perditas
745 1064 797 1111 res
813 1049 1008 1126 deletumque
1023 1066 1110 1112 exer·

128 1134 219 1194 eitum
241 1148 361 1195 omnem
381 1133 515 1194 adlatum
529 1142 586 1194 est.
616 1133 736 1209 itaque,
759 1133 843 1209 quod
856 1135 887 1194 in
901 1133 1028 1203 tumultu
1042 1135 1110 1195 fieri

128 1218 215 1290 solet,
231 1217 359 1278 dilectus
375 1225 461 1278 extra
474 1217 612 1278 ordinem
627 1232 688 1278 non
697 1217 733 1276 in
748 1217 824 1277 urbe
836 1223 963 1282 tuntum
979 1218 1036 1279 sed
1045 1225 1111 1288 tote

127 1302 214 1363 ltalia
228 1299 341 1362 indicti.
375 1301 455 1360 duae
470 1301 608 1376 legiones
623 1299 736 1368 nivium
749 1301 1109 1368 Romanommeonsorie

127 1393 220 1462 ptae,
234 1392 265 1445 et
285 1385 393 1446 deeem
412 1383 495 1444 milia
513 1385 650 1462 peditum
671 1400 740 1445 eum
762 1384 915 1459 equitibus
936 1385 1109 1461 quingentis

128 1469 222 1530 sociis
237 1467 369 1530 nominis
383 1467 480 1528 Latini
494 1468 651 1545 imperata.
679 1467 720 1527 M.
735 1468 840 1530 lunius
855 1469 964 1530 eonsud
978 1467 1109 1530 transire

126 1555 155 1612 in
164 1551 290 1613 Galliam
300 1552 380 1612 stab
389 1552 563 1614 civitatibus
575 1552 751 1628 provinciae
763 1552 839 1625 eius,
853 1558 1001 1628 quantum
1011 1567 1106 1628 quae·

129 1650 190 1712 que
206 1643 326 1710 posset,
348 1635 473 1696 militum
490 1636 614 1712 exigere
630 1636 746 1697 iussus.
778 1635 868 1697 simul
884 1637 1054 1712 decretum,
1075 1642 1110 1697 ut

126 1722 169 1780 Ti.
185 1719 330 1780 claudius
351 1728 473 1795 praetor
494 1720 637 1783 militibus
658 1720 787 1795 legionis
804 1728 930 1796 quartae
940 1728 974 1782 et
986 1720 1108 1781 socium

126 1803 232 1864 Latini
244 1803 375 1864 nominis
396 1803 531 1880 quinque
549 1803 687 1878 milibus,
708 1803 842 1879 equitum
861 1804 1002 1864 duoeutis
1020 1803 1106 1879 quiu-

129 1885 287 1963 quaginta,
302 1887 389 1951 Pisas
403 1895 436 1948 ut
450 1887 664 1960 convenirent,
682 1887 823 1962 ediceret,
840 1902 969 1962 eumque
983 1885 1107 1962 provin·

128 1972 220 2044 ciam,
245 1970 316 2030 dum
340 1973 451 2032 *eousul
476 1971 547 2032 inde
567 1971 704 2043 abesset,
729 1976 895 2040 tutaretum
921 1970 961 2030 M.
985 1969 1108 2031 Titinius

128 2061 252 2130 praetor
265 2054 415 2129 legionem
432 2056 574 2131 primam,
591 2069 695 2129 parem
707 2069 866 2115 numerum
882 2054 1038 2116 sociorum
1054 2069 1106 2129 pe·

127 2141 222 2200 ditum
247 2138 460 2214 equitumque,
483 2138 652 2199 Ariminum
679 2139 844 2198 convenire
866 2137 993 2200 iuberet
1025 2137 1109 2197 Nero

127 2223 288 2298 paludatus
303 2221 390 2283 Pisas
412 2222 442 2282 in
463 2221 652 2298 provinciam
674 2227 720 2281 est
736 2221 910 2297 proiectum
931 2220 1059 2282 Titinius
1075 2219 1106 2278 c.

128 2305 235 2367 Cassio
257 2303 378 2368 tribuno
399 2305 526 2366 militum
539 2303 722 2377 Ariminum,
744 2304 797 2380 qui
812 2298 973 2380 praeesset
985 2299 1109 2377 legioni,

126 2386 221 2450 misso
235 2389 379 2452 dileetnm
393 2389 510 2453 Rornae
523 2388 637 2450 habuit.
662 2387 704 2448 Μ.
719 2387 824 2449 Iunius
839 2389 949 2450 consul
963 2403 1003 2448 ex
1016 2387 1108 2462 Ligu-

125 2474 210 2534 ribus
222 2473 252 2533 ln
264 2474 453 2549 provinciam
461 2473 587 2533 Galliam
597 2481 821 2550 transgressus,
834 2472 955 2535 auxiliis
968 2469 1108 2548 protinus

126 2573 183 2632 per
197 2557 335 2619 civitates
347 2556 462 2618 Galliae
472 2555 680 2633 militibusque
692 2551 821 2618 eoloniis
833 2556 998 2632 imperetis,
1010 2551 1106 2630 Aqui·

125 2641 215 2700 leiam
241 2638 389 2716 pervenit.
425 2641 466 2703 ibi
483 2641 598 2702 eertior
617 2642 716 2720 taetris
736 2639 905 2700 exereitum
922 2639 1107 2702 meatumem

126 2739 207 2798 esse,
217 2723 345 2800 ,seriptis
359 2725 465 2786 litteris
479 2723 618 2798 Romam,
634 2739 674 2783 ne
687 2725 955 2795 tumultuarentur,
973 2721 1045 2796 inse
1059 2736 1107 2780 re-

126 2807 229 2868 missis
245 2807 383 2883 auxiliis,
405 2823 486 2883 quae
501 2807 594 2868 Gallis
609 2807 827 2882 imperaverat,
842 2805 883 2866 ad
897 2807 1046 2879 collegam
1060 2810 1108 2864 est

125 2891 292 2966 pmieetus.
314 2893 431 2954 Romae
443 2906 556 2966 magea
568 2907 609 2952 ex
623 2887 807 2966 necopinum
822 2887 935 2952 laetitia
944 2887 1015 2950 init:
1032 2887 1106 2948 dile

126 2981 192 3035 otus
201 2976 335 3038 emissus
343 2985 399 3052 est,
407 2975 597 3038 exauctorati
605 2972 657 3052 qui
664 2979 855 3034 sacramento
862 2971 1048 3044 dixerantet
1054 2986 1105 3031 ex·

123 3059 246 3133 ercituS,
254 3059 307 3135 qui
313 3059 441 3122 Arimini
452 3059 627 3136 pestilentia
636 3057 776 3120 adientes
789 3062 862 3130 erat,
871 3057 994 3128 domum
1002 3054 1106 3116 dimis-

123 3156 188 3202 sus.
210 3143 304 3202 Histri
318 3143 437 3220 magnis
448 3144 548 3220 oooiis
560 3159 629 3204 eum
641 3149 743 3203 eastra
754 3141 837 3202 haud
849 3140 956 3217 qroeul
970 3138 1107 3208 consulis

124 3223 234 3286 eastris
244 3223 574 3304 haberentpostquarn
586 3228 710 3288 atterum
721 3225 878 3288 autumem
890 3240 959 3286 eum
970 3223 1108 3285 exercitu

122 3324 206 3370 novo
221 3309 387 3372 advenisse
399 3311 569 3387 audierunt,
580 3311 697 3388 passim
710 3310 740 3370 iu
751 3306 889 3371 civitates
901 3305 1013 3383 dilapsi
1022 3311 1108 3368 sunt.

123 3393 268 3456 eonsules
280 3393 453 3470 Aquileiam
462 3393 493 3454 in
505 3393 633 3468 hiberna
644 3391 782 3470 legiones
796 3392 994 3454 reduxerunt.

209 3479 262 3538 vl.
285 3477 399 3540 Sedato
415 3478 536 3538 tandem
551 3478 685 3540 Histrico
701 3477 828 3537 tumultu
844 3481 968 3536 senatus
984 3470 1106 3532 eonsul-
