2592 3964
204 281 247 346 22
340 281 455 342 LIBER
474 279 606 340 XXXIX.
630 277 714 337 CAP.
726 283 770 338 24.
782 283 827 338 25.
849 281 886 349 [a.
899 279 935 332 U.
947 297 971 332 c.
983 280 1046 347 567]

200 436 344 499 omnibus
358 434 396 494 iis
412 429 594 505 civitatibus,
611 430 722 506 quibus
738 445 808 490 cum
822 443 896 506 rege
911 426 1093 504 disceptatio
1110 437 1185 500 erat,

200 519 364 582 concilium
377 515 522 578 indictum
540 519 596 575 est.
617 513 710 574 XXV.
733 511 775 572 ibi
790 528 859 573 curn
874 513 1002 574 Romani
1017 513 1108 588 legati
1122 511 1186 572 dis·

191 601 391 679 'ceptatorum
418 600 502 672 loco,
528 595 667 658 Thessali
694 593 922 672 Perrhaebique
948 602 978 655 et
996 595 1186 656 Athamanes

199 687 284 748 haud
306 684 391 746 dubii
410 690 624 755 accusatores,
644 678 803 756 Philippus
825 679 865 740 ad
887 677 1041 740 audienda
1061 679 1188 740 crimina

198 779 356 846 tamquam
375 769 448 830 reus
471 765 700 837 consedissent,
721 780 778 839 pro
793 763 916 838 ingenio
932 764 1066 839 quisque
1082 777 1187 824 eorum
1288 813 1289 826 ,

201 855 254 930 qui
269 851 427 929 principes
442 850 627 926 legationum
641 855 729 910 erant
742 853 773 908 et
786 847 882 923 gratia
897 862 966 908 curn
978 839 1119 922 Philippo
1135 855 1188 908 aut

200 937 274 1000 odio
297 937 438 998 acerbius
458 934 599 995 leniusve
620 938 755 1010 egerunt.
783 931 815 991 in
831 929 1073 993 conaoversiam
1087 936 1187 993 autem

199 1021 366 1082 veniebant
378 1017 603 1094 Philippopolis
618 1017 725 1076 Tricca
738 1015 879 1076 Phaloria
898 1021 930 1075 et
941 1015 1137 1093 Eurymenae
1158 1021 1189 1074 ei

200 1112 302 1167 cetera
317 1104 399 1164 circa
414 1117 467 1163 eas
484 1099 601 1178 oppida
613 1109 714 1162 utrum
728 1097 946 1160 Thessalorum
961 1099 1050 1170 iuris,
1073 1107 1141 1158 cum
1156 1099 1188 1158 vi
1288 1141 1289 1148 ,

199 1189 362 1264 ademptae
384 1199 617 1262 possessaeque
637 1184 676 1244 ab
691 1181 810 1243 Aetolis
828 1184 1062 1243 forent—nam
1074 1179 1187 1256 Philip-

198 1288 274 1348 pum
288 1272 407 1333 Aetolis
428 1269 583 1330 ademisse
603 1284 657 1328 eas
673 1267 834 1328 constabat
846 1297 903 1340 -,
926 1281 965 1326 an
979 1266 1118 1326 Aetolica
1134 1280 1187 1326 an-

198 1355 327 1432 tiquitus
342 1371 380 1415 ea
395 1353 511 1430 oppida
526 1351 672 1413 luissent=
695 1351 738 1428 ita
750 1350 830 1411 enim
840 1347 972 1410 Acilium
982 1349 1048 1424 'regi
1059 1364 1188 1410 conces-

200 1440 291 1514 sisse,
309 1436 337 1499 si
351 1437 532 1499 Aetolorum
546 1437 686 1508 luissent,
702 1436 729 1495 si
742 1435 913 1507 voluntate,
928 1447 990 1494 non
1005 1431 1033 1493 si
1048 1433 1078 1493 ri
1094 1440 1188 1508 atque

199 1524 292 1583 armis
311 1522 410 1582 coacti
433 1534 503 1581 cum
518 1519 637 1581 Aetolis
654 1525 769 1579 essent.
801 1517 940 1577 eiusdem
956 1516 1106 1578 termulae
1124 1517 1188 1577 dis·

200 1605 332 1681 reptatio
358 1604 398 1664 de
419 1596 666 1664 Perrhaeborum
696 1599 933 1676 Magnetumque
964 1599 1087 1677 oppidis
1114 1597 1185 1661 fuit:

199 1690 336 1751 omnium
357 1687 437 1747 enirn
458 1687 525 1746 lura
539 1685 731 1762 possidendo
746 1691 803 1760 per
818 1683 1000 1747 occasiones
1015 1684 1117 1746 Aetoli
1132 1683 1187 1744 mi-

200 1779 353 1834 scuerant.
386 1771 533 1843 adhaec,
556 1785 637 1847 quae
658 1765 889 1845 disceptationis
908 1774 1008 1842 erant,
1031 1769 1187 1844 querellae

84 1887 86 1890 ·
198 1855 417 1917 Thessalorrun
432 1853 586 1926 adiectae,
608 1851 692 1928 quod
705 1868 742 1914 ea
757 1851 889 1928 oppida,
905 1853 933 1912 si
947 1853 1006 1914 iarn
1020 1851 1187 1912 redderen-

185 1947 248 2000 tur
263 1940 332 2013 sibi,
347 1936 480 2015 spoliata
490 1952 527 1997 ac
539 1937 663 1998 deserta
672 1935 849 1998 redditurus
860 1942 960 1996 esset=
981 1951 1051 1996 nam
1065 1943 1189 2011 praeter

198 2023 271 2082 belli
292 2019 416 2083 casibus
437 2020 571 2081 amissos
594 2022 778 2096 quingentos
799 2019 955 2096 principes
976 2018 1141 2102 iuventutis
1155 2019 1187 2078 in
1209 2045 1210 2048 ¹

198 2102 412 2168 Macedoniam
426 2103 609 2178 abduxisse,
630 2111 661 2164 et
675 2119 772 2179 opera
787 2117 892 2164 eorum
907 2103 938 2163 in
954 2101 1187 2164 servilibus-ab·

128 2187 129 2190 ’
197 2189 242 2250 uti
257 2189 449 2258 nrinisteriis;
471 2196 502 2248 et
516 2203 597 2262 quae
609 2188 777 2248 reddiderit
791 2194 917 2248 coactus
931 2186 1104 2258 Thessalis,
1120 2186 1189 2248 inu-

199 2272 262 2334 tilia
273 2282 307 2335 ut
316 2273 461 2333 redderet
472 2286 609 2332 curasse.
630 2270 752 2337 Thebas
761 2269 887 2331 Phthias
897 2281 993 2334 unum
1003 2269 1186 2332 maritimum

199 2357 370 2431 emporium
388 2355 486 2415 luisse
506 2349 660 2430 quondam
674 2353 830 2415 Thessalis
846 2355 1066 2431 quaestuosum
1080 2358 1112 2414 et
1126 2355 1186 2414 iru-

198 2440 345 2514 gilerumr
372 2436 414 2498 ibi
433 2437 564 2499 navibus
586 2436 736 2498 onerariis
758 2438 943 2513 comparatis
963 2453 1082 2514 regem,
1105 2453 1186 2512 quae

199 2529 323 2598 praeter
336 2520 457 2581 Thebas
471 2520 695 2582 Demetriadem
711 2530 835 2582 cursum
850 2523 1028 2597 dirigerent,
1047 2521 1172 2604 negotia

197 2605 314 2666 tionem
333 2603 512 2665 maritimam
533 2613 654 2666 omnem
669 2620 706 2665 eo
722 2607 881 2667 avertisse.
913 2607 972 2666 iam
988 2620 1028 2666 ne
1042 2623 1062 2665 a
1076 2606 1185 2682 legatis

199 2689 338 2766 quidem,
355 2688 406 2764 qui
421 2687 487 2749 iure
501 2689 636 2763 gentium
651 2689 748 2770 sancti
763 2689 833 2763 sint,
848 2689 999 2751 violandis
1015 2688 1185 2751 abstinere:

155 2823 157 2828 .
198 2772 326 2834 insidias
347 2773 466 2848 positas
481 2773 623 2834 euntibus
638 2770 678 2833 ad
691 2771 723 2831 Τ.
740 2771 919 2847 Quinctium.
947 2771 1052 2850 itaque
1066 2789 1140 2848 ergo
1156 2773 1186 2833 lu

198 2866 313 2919 tantum
329 2865 443 2918 metum
458 2873 564 2918 omnes
578 2849 745 2918 Thessalos
760 2851 927 2938 coniectos,
942 2865 1054 2918 utnon
1068 2854 1186 2916 incivi-

198 2939 311 3001 tatibus
328 2941 403 3014 sois,
420 2941 523 3001 nonin
536 2941 748 3002 communibus
760 2939 859 3015 gentis
871 2935 1009 3000 conciliis
1022 2941 1186 3016 quisquam

199 3017 321 3084 hiscere
346 3023 467 3084 audeat.
505 3024 614 3099 procul
639 3025 719 3084 enim
739 3024 852 3085 abesse
873 3014 1020 3084 libertatis
1041 3031 1186 3086 auctores

198 3105 372 3167 Romanos:
386 3107 473 3184 lateri
484 3106 652 3172 adhaerere
662 3117 787 3184 gravem
799 3107 963 3182 dominum,
972 3107 1186 3183 prohibentem

198 3187 243 3250 uti
262 3179 421 3272 beneficiis
443 3190 549 3267 populi
562 3187 700 3253 Romani.
735 3191 810 3266 quid
829 3198 945 3266 autem,
966 3191 994 3251 si
1012 3186 1076 3252 'vox'
1088 3189 1185 3251 libera

198 3289 260 3336 non
279 3273 333 3348 sit,
355 3273 483 3334 liberum
498 3280 591 3336 esset
612 3287 693 3335 nunc
708 3290 744 3338 se
758 3275 872 3336 fiducia
886 3282 916 3336 et
929 3270 1085 3350 praesidio
1101 3263 1184 3346 lega·

192 3365 299 3418 ‘torum
313 3357 514 3432 ingemiscere
529 3358 626 3434 magis
643 3371 735 3435 quam
749 3359 844 3433 loqui.
865 3359 926 3419 nisi
937 3357 1119 3434 provideant
1129 3354 1184 3416 ali·

200 3435 437 3516 quartones,
460 3457 522 3518 quo
543 3449 573 3502 et
594 3440 719 3503 Graecis
740 3438 954 3503 Macedoniam
974 3437 1185 3504 accolentibus

198 3533 298 3589 metus
315 3535 345 3587 et
365 3526 495 3588 audacia
508 3525 640 3602 Philippi
661 3527 826 3600 minuatur,
847 3527 1038 3603 nequiquam
1056 3531 1087 3587 et
1100 3523 1185 3585 illum
