2598 3956
330 205 448 266 LIBER
460 204 535 266 XLI.
557 206 642 267 CAP.
653 213 697 268 nt.
711 214 756 270 28.
779 212 816 279 [a.
830 214 864 267 C.
877 215 940 281 ill]
1061 207 1123 271 129

146 356 385 420 circumducend
404 355 437 394 **
458 366 490 420 at
506 359 607 421 lorum
624 357 795 434 porticibus
817 357 1019 437 tabernisque
1042 361 1123 423 clau-

146 441 281 502 dendum
302 448 334 502 et
353 441 446 506 Ianos
464 449 528 505 tres
545 440 716 505 lacIendos.
742 443 821 506 haec
843 444 882 506 ab
903 459 967 506 nno
990 459 1122 507 censore

146 539 243 603 opera
258 527 360 588 locata
378 541 449 587 cum
469 541 581 604 magna
599 525 698 604 potia
717 527 909 591 colonorum.
933 527 963 589 in
984 526 1122 591 monbus

145 624 272 753 quoquae
289 608 435 686 regendis
453 609 584 689 diligens
604 617 635 672 et
651 627 765 674 severa
784 627 917 674 censura
934 608 999 674 init.
1019 611 1122 676 multIs

143 690 248 769 aquic
271 690 377 770 empti.

224 776 359 838 XXVIII.
385 774 477 836 Exitu
494 791 594 853 prope
614 778 684 838 anni
706 778 787 838 diem
809 779 993 854 supplicatio
1015 780 1070 843 luit
1085 782 1126 842 ob

139 877 192 922 res
214 873 363 937 prospere
383 867 488 934 gestas
505 859 536 921 in
555 859 706 936 Hispania
725 861 820 923 ductu
841 861 1044 939 auspicquue
1063 865 1125 940 Ap.

140 943 256 1006 Claudii
277 943 491 1020 proconsule
520 949 551 1006 et
569 943 736 1013 maioribus
756 942 866 1006 hostiis
887 943 992 1022 viginti
1007 947 1125 1010 sacrifi·

140 1037 251 1090 catum.
280 1033 311 1090 at
323 1027 451 1088 alterum
472 1026 554 1090 dem
574 1027 759 1104 suppilcatio
774 1025 815 1090 ad
829 1028 947 1092 Cereris
961 1029 1062 1094 Liberi
1075 1029 1125 1091 Li·

141 1111 297 1192 heraeque
317 1111 388 1184 luit,
410 1111 495 1188 quod
510 1125 550 1172 ex
565 1109 687 1172 Sabinis
701 1119 916 1175 terraemotus
931 1115 1038 1191 ingens
1054 1131 1124 1176 oum

138 1195 241 1258 multis
261 1193 471 1256 aedificiorum
490 1191 588 1256 minis
602 1195 758 1258 nuntiatus
772 1203 847 1259 arat.
876 1212 945 1259 cunr
958 1200 1020 1275 Ap.
1036 1197 1123 1260 clau·

140 1278 212 1342 dius
233 1293 273 1342 ex
286 1277 436 1356 IIIspania
455 1277 584 1342 Romam
604 1277 753 1355 redIssot,
775 1280 911 1342 donavit
930 1289 1071 1355 senatus,
1091 1289 1125 1344 nt

141 1379 238 1426 ovans
259 1362 367 1425 urbem
386 1361 485 1428 iniret.
518 1359 580 1424 iam
596 1363 770 1428 censuario
784 1362 907 1428 comitia
920 1366 1123 1442 appetebanta¹

140 1445 251 1524 quibus
276 1462 387 1523 magna
410 1441 605 1512 contentione
625 1445 737 1510 habitis
757 1454 885 1524 propter
903 1448 1124 1512 multitudinem

138 1531 305 1607 petentium
330 1530 426 1592 arcad
449 1529 680 1595 Inperiuratae
706 1529 837 1593 Albinus
863 1537 894 1593 et
912 1531 953 1592 Μ.
974 1532 1123 1610 Popillius
1150 1587 1153 1591 .

138 1615 268 1682 Laenas.
289 1621 450 1693 praetores
464 1613 537 1675 inde
551 1613 623 1676 lacti
635 1614 671 1675 lt.
682 1613 796 1677 Fabius
809 1614 907 1678 Buteo
917 1615 958 1676 Μ.
969 1614 1122 1678 Matienus

139 1699 170 1760 c.
186 1699 340 1766 Cicereius
352 1697 393 1762 Μ.
407 1697 517 1763 nnius
533 1699 696 1779 crasstes
715 1699 825 1762 iterum
837 1701 876 1761 A.
889 1699 1001 1762 Atilius
1016 1699 1122 1762 Serra·

138 1800 198 1845 nus
219 1782 326 1848 iterum
347 1781 378 1846 C.
395 1781 518 1848 cluvius
540 1781 656 1844 Saxula
675 1783 793 1846 iterum.
825 1783 955 1848 comitiIs
976 1784 1122 1859 perlectis

140 1869 198 1943 Ap.
213 1866 359 1928 claudius
378 1865 494 1928 Gentlto
515 1881 555 1927 ex
576 1865 734 1928 Celtiberis
755 1883 854 1928 ovans
875 1882 944 1928 curn
965 1868 995 1927 in
1015 1866 1123 1929 urbem

140 1951 241 2026 lniret,
262 1951 370 2014 decem
389 1949 471 2011 milia
490 1949 595 2028 pondo
612 1950 744 2027 argenti,
766 1950 904 2027 quinque
917 1950 998 2013 milia
1011 1951 1077 2013 auri
1091 1951 1122 2011 ln

138 2034 288 2096 cerarium
298 2033 374 2096 tulit.
389 2031 501 2096 flamen
511 2032 608 2097 blatis
620 2035 819 2110 inauguratus
831 2043 880 2096 est
891 2035 943 2096 cn.
952 2034 1122 2097 Cornelius.

219 2117 338 2181 lIodcnr
358 2131 439 2180 anno
460 2117 564 2180 tabnla
583 2118 614 2178 in
635 2117 713 2178 aeda
726 2117 831 2179 matris
845 2117 979 2179 Itatatae
994 2134 1063 2180 cnm
1077 2118 1120 2180 in·

138 2203 206 2264 dica
225 2203 288 2264 lroo
303 2201 406 2280 posita
421 2209 477 2264 est
505 2201 569 2276 „nt
584 2199 759 2276 Sempronii
772 2200 901 2263 Gracchi
916 2201 1054 2262 consulis
1067 2202 1122 2263 irn-

136 2287 224 2363 perlo
238 2285 442 2363 auspicioque
454 2283 537 2362 legio
551 2285 769 2361 coercitorque
782 2283 891 2361 populi
904 2284 1035 2350 Romani
1050 2282 1118 2346 Sar·

138 2367 250 2434 uniam
271 2369 401 2448 subegit.
427 2367 459 2431 in
481 2383 520 2431 ea
533 2368 694 2445 provincia
707 2365 843 2430 hoedum
858 2383 951 2430 caesa
965 2373 1017 2428 aut
1031 2376 1122 2445 capta

137 2471 233 2530 supra
248 2453 403 2530 octoginta
415 2452 508 2516 milia
537 2452 711 2529 republica
727 2449 905 2514 luchssime
917 2459 1014 2528 gesta,
1029 2460 1124 2528 atquc

135 2539 272 2602 liberatis
285 2537 319 2578 **
332 2537 533 2614 vecdgalibns
549 2536 708 2612 mliurtIs,
719 2535 888 2598 exercitum
899 2536 1018 2598 salvum
1028 2545 1124 2614 atque

136 2623 319 2684 incolumem
335 2622 545 2699 plenIssimum
555 2620 674 2698 praeda
683 2619 808 2683 domum
819 2618 997 2695 reportavit,
1012 2619 1123 2683 iterum

135 2706 328 2784 triumphans
347 2706 378 2768 in
398 2704 505 2770 urbem
519 2705 649 2768 nonan
663 2704 763 2765 rediit.
791 2703 879 2764 cuins
893 2703 939 2764 rei
954 2718 1028 2780 ergo
1042 2703 1124 2767 lianc

84 2814 88 2820 ·
135 2791 270 2852 tabulam
285 2790 400 2853 donum
413 2789 479 2853 lovi
493 2789 607 2852 dedit.“
629 2787 790 2850 Sardiniae
803 2785 923 2847 insulae
937 2786 1037 2848 lorma
1046 2795 1122 2859 ertu

137 2883 230 2950 atque
243 2875 274 2936 in
289 2889 327 2936 aa
340 2875 504 2937 dmalacra
518 2886 691 2950 pugnarem
704 2871 796 2950 plata.

219 2957 348 3021 ltluncna
357 2957 559 3036 gladiatorum
571 2971 609 3020 eo
621 2972 702 3020 anno
713 2953 841 3032 aliquot,
856 2968 952 3030 parva
964 2953 1024 3016 alia
1035 2951 1122 3016 data.

137 3059 229 3104 unum
250 3048 322 3105 anto
342 3050 445 3105 cetera
464 3042 585 3119 insigne
606 3041 662 3104 luit
674 3040 706 3102 Τ.
721 3036 896 3114 I'larninini,
917 3038 1003 3115 quod
1015 3037 1123 3100 mortis
1156 3046 1159 3052 '

137 3141 232 3188 causa
243 3127 338 3204 patris
349 3125 399 3189 sui
410 3124 852 3202 cumviscerauoneapuloque
860 3128 890 3184 ct
899 3121 1121 3184 ludisscenicla

138 3209 342 3287 quadriduum
362 3210 456 3273 dedit.
484 3210 586 3288 magni
599 3217 701 3273 umen
716 3204 853 3270 muneris
867 3221 907 3268 ca
920 3222 1040 3268 summa
1054 3203 1121 3278 luit,

135 3301 169 3356 ut
183 3309 239 3372 per
251 3294 386 3358 nldnrm
398 3301 542 3373 quattuor
552 3302 582 3357 ot
593 3291 786 3372 septuaginta
794 3289 936 3353 hominm
946 3287 1121 3368 pugnarint.

184 3564 207 3606 r.
223 3562 283 3607 uvi
296 3561 373 3612 rans
387 3547 426 3607 V.
893 3551 911 3606 t
