2574 3954
279 199 394 261 LIBER
407 200 511 260 XLIV.
534 200 616 260 cAP.
632 209 674 262 15.
690 209 733 264 16.
757 208 793 275 [a.
807 207 839 259 C.
854 207 915 274 169]
1020 201 1087 264 223

103 351 143 414 ad
166 350 281 411 Persea
303 349 334 408 in
354 348 566 410 Macedoniam
586 350 723 426 misisse,
751 351 803 427 qui
824 352 853 413 ei
872 353 1087 414 denuntiarent

102 433 232 497 Rhodiis
254 433 377 508 placere
397 447 507 509 paoem
531 447 601 494 eum
622 450 808 510 componere
833 451 903 498 curn
920 436 1085 509 Romanise

104 535 139 580 se
153 519 281 578 Romam
298 517 407 576 eadem
422 519 590 578 nuntiatum
609 518 734 580 missos.
763 535 818 594 per
839 537 918 595 quos
939 521 1086 596 stetisset
1184 536 1186 542 ·

105 617 166 679 quo
181 603 282 662 miuus
296 599 368 661 belli
378 601 450 661 finis
460 601 555 675 fieret,
573 602 724 664 adversus
739 619 794 666 eos
811 602 885 679 quid
900 604 957 665 sibi
971 605 1084 664 larien-

105 688 177 748 dum
191 691 276 746 esset
288 684 428 746 Rhodios
444 686 693 747 consideraturos
709 702 791 748 esse.
813 701 853 747 ne
864 703 945 751 nune
961 687 1086 763 quidem

103 770 182 830 haee
197 769 265 830 sine
280 768 487 843 indignatione
501 769 564 844 legi
575 770 712 830 audirive
731 785 828 846 posse
845 778 960 832 eertum
973 769 1084 832 babeo.

103 853 176 914 inde
189 852 357 914 existimari
371 859 481 928 potest,
504 854 556 942 qui
571 852 692 914 habitus
708 856 878 916 animorum
891 852 1086 916 audientibus
1108 873 1111 877 ·

103 952 141 997 ea
154 936 293 1012 patribus
308 934 406 998 luerit.
437 937 503 998 XV.
524 936 667 998 Claudius
683 937 757 998 nihil
773 953 957 1014 responsum
979 944 1087 998 auctor

104 1027 165 1082 est:
187 1025 308 1098 ⁸tentum
330 1021 657 1103 senatusconsultum
668 1024 843 1096 recitatum,
867 1039 929 1098 quo
945 1021 1037 1082 Caras
1056 1029 1089 1082 et

103 1104 218 1183 Lycios
233 1103 347 1166 liberos
360 1119 433 1165 esse
446 1103 564 1166 iuberet
578 1106 712 1181 populus
727 1105 895 1180 Romanus
908 1107 1089 1180 litterasque

104 1190 259 1263 extemplo
282 1187 321 1246 ad
347 1193 508 1262 utramque
534 1197 655 1266 gentem
682 1187 776 1250 sciret
799 1187 968 1251 indicatum
993 1190 1086 1259 mitli;

104 1287 166 1348 qua
177 1271 281 1333 audita
292 1287 326 1332 re
332 1271 502 1347 principem
514 1271 685 1348 legationis,
697 1273 785 1334 euius
796 1274 1087 1350 magniloquentiam

103 1355 159 1415 vix
177 1355 263 1416 ouria
284 1357 375 1430 paulo
393 1363 617 1431 antecaperet,
642 1355 810 1418 corruisse:
835 1356 885 1416 alii
898 1372 1085 1431 responsum

103 1455 176 1500 esse
195 1439 319 1500 tradunt
338 1441 488 1514 poprdum
508 1439 680 1502 Romanum
703 1446 733 1500 et
753 1438 905 1519 prinoipio
926 1440 1000 1500 eius¹
1014 1438 1085 1506 bell

103 1523 188 1584 lraud
202 1522 291 1583 vanis
306 1523 483 1585 auctoribus
495 1530 684 1599 compertum
698 1523 847 1585 habuisse
860 1523 1001 1586 Rhodios
1016 1539 1087 1584 eum

102 1606 216 1668 Perseo
230 1621 304 1682 rege
319 1607 471 1668 adversus
484 1623 549 1668 rem
572 1605 725 1683 publicam
746 1624 834 1668 suam
850 1609 970 1668 occulta
985 1609 1074 1670 consi

103 1691 144 1751 lia
158 1691 270 1761 inisse;
290 1697 321 1750 et
341 1689 368 1751 si
388 1691 419 1754 id
438 1697 508 1752 ante
530 1690 656 1751 dubium
673 1691 791 1764 luisset,
807 1693 978 1767 legatorum
992 1692 1088 1768 paulo

103 1783 175 1836 ante
194 1774 291 1835 uerba
312 1775 352 1833 od
373 1782 489 1836 eertum
504 1774 678 1849 redegisse
697 1781 728 1834 et
738 1775 921 1850 plerumque
935 1775 1035 1851 ipsam
1051 1790 1089 1836 se

104 1858 251 1932 fraudem,
267 1857 385 1919 etiamsi
404 1857 489 1920 initio
509 1858 627 1921 cautior
647 1857 746 1933 luerit,
764 1858 917 1934 detegere.
945 1857 1087 1920 Rhodios

104 1941 209 2002 nuntio
233 1939 264 2002 in
290 1941 365 2003 orbe
389 1947 537 2004 terrarum
562 1940 686 2002 arbitria
710 1941 782 2004 belli
808 1943 959 2018 pacisque
979 1958 1086 2019 agere;
1164 1949 1166 1953 ·
1279 1931 1280 1984 l

102 2025 293 2086 Rhodiorum
308 2033 382 2088 nutu
397 2043 482 2087 arma
501 2032 680 2101 sumpturos
696 2024 916 2102 positurosque
930 2028 1088 2102 Romanos

104 2123 185 2170 esse.
219 2110 279 2170 iam
298 2125 360 2172 uon
382 2110 459 2172 deos
475 2111 633 2172 foederum
647 2115 752 2182 testes,
775 2110 831 2170 sed
849 2109 989 2171 Rhodios
1003 2109 1087 2169 habi-

103 2200 201 2254 turos
223 2193 304 2254 itane
317 2194 462 2256 tandem?
482 2195 514 2255 ni
528 2200 671 2269 pareatur
684 2191 722 2252 iis
737 2191 955 2268 exercitusque
970 2193 1009 2253 de
1022 2192 1084 2252 lla·

104 2277 236 2338 oedonia
255 2277 471 2352 deportentur,
493 2275 615 2338 visuros
631 2291 718 2351 esse,
739 2276 813 2352 quid
833 2275 892 2336 sibi
913 2273 1088 2336 laciendum

103 2360 165 2421 sit?
187 2361 260 2437 quid
280 2361 392 2423 Rhodii
406 2361 504 2422 vistui
518 2359 592 2435 sint,
611 2359 702 2436 ipsos
716 2359 806 2420 seire.
834 2358 984 2435 populum
1005 2365 1088 2420 certe

103 2445 275 2506 Romanum
289 2445 409 2507 devicto
424 2445 547 2519 Perseo,
565 2444 650 2522 quod
662 2459 761 2521 prope
775 2443 856 2504 dem
871 2450 997 2519 sperent
1010 2443 1090 2516 lore,

103 2529 258 2603 visurum,
283 2535 318 2590 ut
340 2545 398 2605 pro
423 2529 539 2592 meritis
567 2529 717 2605 cuiusque
744 2526 774 2587 in
794 2543 832 2590 eo
853 2528 935 2589 bello
956 2526 1087 2588 divitatis

103 2612 234 2689 gratiam
247 2613 372 2689 dignam
384 2613 505 2676 referat.
533 2629 647 2674 munus
659 2620 760 2674 umen
778 2609 888 2687 legatis
901 2610 933 2672 in
947 2611 1090 2688 singulos

103 2696 209 2758 binum
221 2694 336 2758 milium
351 2698 433 2758 aeris
445 2697 572 2758 nrissnm
587 2702 651 2758 est:
679 2695 763 2770 quod
777 2692 798 2753 ii
812 2710 874 2755 non
892 2702 1089 2771 aeceperunt.

188 2779 268 2841 XVI.
289 2781 420 2843 Litterae
432 2779 544 2841 deinde
554 2777 853 2852 restaurandam
861 2779 998 2848 consulis
1006 2784 1089 2852 sunt,

104 2864 362 2942 quemadmodum
377 2866 457 2926 saltu
471 2871 617 2941 superato
638 2861 670 2924 in
688 2860 901 2922 Macedoniarn
915 2860 1087 2926 transisset

102 2949 145 3010 ibi
165 2955 196 3010 et
215 2963 257 3008 ex
275 2947 344 3010 aliis
362 2949 442 3011 loeis
462 2952 650 3010 commeatus
665 2943 682 2982 *
698 2951 883 3021 prospeotos
905 2943 936 3005 in
955 2943 1086 3006 hiemem

102 3031 227 3106 habere,
242 3041 273 3100 et
286 3031 326 3094 ab
339 3031 474 3110 Epirotis
487 3030 594 3108 viginti
608 3029 690 3092 milia
704 3026 958 3105 modiumuttial,
981 3029 1089 3090 decom

102 3115 213 3178 hordei
228 3115 419 3192 sumpsisses
437 3125 473 3178 ut
484 3131 542 3192 pro
557 3130 595 3176 eo
607 3114 758 3176 frumento
773 3113 905 3189 peounia
914 3112 1032 3174 Romae
1045 3113 1087 3173 le·

102 3196 184 3276 getis
198 3211 305 3261 eorum
320 3205 486 3264 sumetur.
507 3199 689 3262 vestimenta
701 3195 850 3260 militibus
861 3197 900 3258 ab
911 3195 1090 3258 Romanit-

101 3283 197 3346 teuda
211 3298 293 3346 esse.
314 3284 408 3360 equis
419 3283 560 3345 ducentis
575 3285 671 3343 terme
684 3297 769 3358 opus,
782 3296 864 3356 esse,
883 3279 1014 3342 maxime
1027 3277 1088 3338 Nu-

101 3367 211 3440 midis;
233 3383 292 3428 neo
312 3367 371 3430 sibi
391 3368 423 3428 in
442 3366 492 3429 his
509 3367 587 3428 loeis
608 3367 706 3440 ullam
719 3364 841 3442 sopiam
858 3379 940 3426 esse.
962 3367 1090 3423 senatus

103 3453 279 3515 eoustdtum
293 3458 328 3513 ut
341 3467 379 3512 ea
394 3451 496 3513 omnis
516 3466 556 3512 ex
570 3451 677 3525 litteris
698 3446 834 3510 consulis
853 3448 963 3509 iterent
976 3447 1089 3506 laetum
