2574 3954
167 211 235 288 ΞΜ
321 211 436 274 LIBER
449 210 554 273 xciv.
576 209 658 270 cAP.
673 215 717 272 36.
727 215 772 272 et.
796 213 833 281 [e.
844 210 880 268 U.
892 229 915 266 c.
927 211 990 278 set]

167 361 371 427 circumibat
362 376 431 437 rpse
446 357 581 433 ordines,
603 357 722 420 animos
736 357 863 418 militum
878 357 1052 420 hortando
1044 373 1074 416 m
1089 373 1149 433 pu-

167 465 259 526 gnam
279 445 476 512 accendebat
503 441 545 504 ibi
567 443 672 519 primo
688 442 807 502 alacres
823 441 944 518 signum
959 440 1149 522 poscebant,

168 531 296 606 deinde,
319 535 464 606 quantum
484 527 671 587 incresceret
685 532 805 598 aestus,
827 530 865 585 et
870 524 980 587 vultus
988 524 1089 587 minus
1102 539 1149 586 vt·

168 621 286 692 gentes
296 618 326 674 et
344 627 443 676 voces
455 611 615 686 segniores
631 615 732 684 erant,
754 618 784 669 et
799 607 922 689 quidam
936 606 1153 670 incumbentes

168 697 264 760 scutis
285 695 412 772 nixique
432 694 505 776 pilis
524 693 654 756 stabant
675 692 761 754 tum
753 707 812 752 ram
828 697 933 768 aperte
948 690 1052 766 primis
1066 691 1150 753 ordi·

168 781 258 842 nibus
273 780 418 855 imperet,
441 784 625 844 meterentur
646 779 775 836 frontem
791 781 961 837 castrorum
976 781 1007 835 et
1019 775 1150 852 impedi-

168 873 271 926 menta
288 863 516 928 constituerent
544 860 629 944 quod
648 857 701 920 ubl
721 859 788 920 fleri
800 855 911 920 milltes
927 873 1071 935 sensere,
1097 857 1150 919 olii

167 950 303 1024 gaudere
323 947 439 1028 palam,
463 941 555 1021 quod
571 931 674 1005 'fessos
695 943 763 1003 viae
783 943 890 1003 labore
910 941 1150 1019 flagrantissimo

169 1038 269 1098 aestu
278 1046 340 1090 non
362 1027 517 1104 coegisset
546 1041 692 1106 pugnare
720 1023 823 1106 legati
833 1025 915 1086 circe
935 1026 1151 1103 imperatorem

168 1115 327 1198 ducesque
341 1111 459 1176 externi
474 1118 568 1186 erant,
588 1112 666 1171 inter
681 1125 760 1186 quos
776 1117 806 1172 et
819 1110 950 1186 Attalus,
971 1125 1078 1172 omues
1094 1126 1149 1187 ap

168 1191 344 1294 probantes,
357 1211 427 1257 cum
438 1203 643 1272 pugnaturum
654 1195 813 1258 consulem
825 1193 1037 1256 credertant—
1046 1209 1152 1269 neque

168 1281 249 1341 enim
269 1297 309 1342 ne
328 1279 376 1342 iis
394 1279 518 1362 quidem
533 1277 757 1341 cunctationem
773 1284 937 1354 aperuerat
950 1293 1054 1338 suam·
1076 1285 1151 1342 tune

168 1365 333 1432 mutatione
347 1364 468 1425 consilii
482 1363 583 1426 subita
597 1379 666 1429 cum
681 1361 731 1422 alii
747 1361 879 1436 silerent,
894 1360 1007 1423 Nasica
1016 1377 1097 1423 unus
1110 1378 1151 1424 ex

168 1449 310 1511 omnibus
324 1463 421 1509 ausus
436 1455 484 1508 est
496 1463 623 1508 monere
638 1446 805 1519 consulem,
827 1460 867 1505 no
880 1444 1000 1505 hostem
1010 1445 1150 1508 luditica-

167 1538 231 1594 tum
245 1532 365 1608 priores
377 1532 578 1611 imperatores
588 1529 735 1606 rugiendo
747 1535 899 1590 certamen
911 1529 1052 1593 menibus
1064 1528 1150 1591 emit·-

168 1621 260 1677 teret=
283 1613 381 1676 vereri
401 1629 441 1674 ne
462 1622 552 1677 nocte
567 1614 671 1686 abeat,
694 1613 874 1688 sequendus
895 1611 1151 1674 maximol'abore

168 1715 205 1760 ac
227 1699 363 1774 periculo
384 1698 415 1761 in
436 1696 540 1764 intima
559 1696 760 1760 Macedoniae
781 1696 822 1757 sit
840 1696 1043 1774 illaesosque,
1068 1696 1151 1758 sicut

169 1781 323 1862 prioribus
344 1779 490 1855 ducibus,
512 1797 568 1864 per
589 1782 682 1844 calles
698 1782 859 1856 saltusque
878 1779 1150 1842 Macedonicorum

168 1866 315 1927 montium
335 1864 479 1942 vagando
501 1866 735 1942 circumagatur
755 1880 791 1926 se
805 1879 996 1941 magnopere
1006 1864 1150 1938 suadere,

169 1949 269 2011 dum
261 1965 292 2008 ιιι
313 1964 423 2046 campo
438 1947 553 2030 patenti
566 1948 827 2023 insaniebant,
854 1947 1064 2024 adgrediatur,
1089 1963 1151 2014 nec

167 2032 300 2092 oblatam
321 2033 517 2098 occasionem
535 2029 678 2093 vincendi
693 2033 817 2094 emittat
840 2033 948 2094 consul
962 2031 1038 2093 nihil
1050 2029 1150 2095 offen-

168 2131 223 2181 sus
244 2115 340 2176 libere
359 2115 567 2178 admonitione
586 2122 649 2179 ιιυι
667 2115 744 2178 cleri
764 2115 999 2191 adolescentis,
1001 2121 1047 2191 ,et
1061 2119 1150 2196 ιιεοκ

166 2198 281 2277 inquit,
285 2200 429 2273 animum
439 2200 530 2268 istum
541 2200 644 2276 hebui
660 2199 780 2274 Nasica,
794 2215 884 2282 quem
895 2208 929 2260 tu
939 2215 1021 2260 nunc
1031 2198 1149 2270 hebes

168 2289 198 2344 et
213 2299 303 2360 quem
318 2300 376 2360 ego
392 2299 474 2347 nunc
487 2284 597 2360 habeo,
612 2291 645 2346 tu
658 2284 796 2346 habebis.
821 2277 922 2348 multis
937 2283 1008 2344 belli
1023 2281 1150 2346 casibus

168 2367 275 2440 didici,
299 2368 422 2443 quando
437 2368 649 2466 pugnandum,
673 2366 798 2464 quando
814 2367 1027 2432 abstinendum
1043 2380 1150 2442 pugna

167 2448 308 2510 sitnon
331 2465 445 2526 operae
466 2450 505 2511 sit
524 2449 615 2511 stanti
629 2466 711 2512 nunc
725 2450 756 2509 in
770 2450 840 2512 acie
850 2451 964 2512 docere
980 2449 1091 2527 quibus
1101 2451 1150 2510 de

168 2533 270 2592 causis
284 2532 378 2594 hodie
394 2533 520 2609 quiesse
535 2534 643 2596 melius
658 2533 706 2594 sit
729 2535 864 2596 rationes
879 2533 956 2598 alias
970 2530 1147 2611 reposcito=

168 2632 249 2676 nunc
262 2614 442 2678 auctoritate
455 2617 568 2680 veteris
579 2617 771 2699 imperatoris
783 2624 944 2679 contentus
957 2617 1051 2680 erisf‘
1073 2633 1148 2679 con-

166 2699 252 2761 tiouit
266 2699 466 2761 adolescens.
487 2701 571 2762 haud
586 2686 678 2763 dubie
692 2700 797 2762 videre
812 2702 918 2778 aliqua‘
927 2700 1147 2778 impedimenta

167 2798 289 2860 pugnae
297 2785 454 2846 consulem
456 2800 558 2868 quae
566 2782 624 2845 srbr
635 2800 697 2848 non
707 2791 901 2861 apparerent
912 2785 1061 2846 xxxvii
1068 2785 1146 2850 Pau-

167 2867 215 2927 lus
240 2875 406 2946 postquam
431 2860 543 2930 metata
567 2875 668 2930 castre
684 2867 971 2967 impedimentaque
996 2869 1149 2931 collocata

168 2949 394 3047 animaduertit,
416 2967 455 3017 ex
476 2958 632 3027 postrema
646 2953 712 3013 acie
725 2951 846 3014 triarios
860 2953 977 3029 primos
993 2951 1147 3026 subducit,

167 3033 280 3094 deinde
294 3032 460 3110 principes,
476 3035 649 3098 stantibus
641 3053 671 3095 m
689 3035 786 3116 prima
800 3035 866 3098 acie
877 3036 1016 3110 hastatis,
1033 3035 1147 3113 siquid

166 3115 267 3177 hostis
293 3123 444 3192 moveret,
470 3125 626 3193 postremo
647 3106 799 3194 hastatos,
826 3120 864 3180 ab
885 3121 993 3182 dextro
1015 3119 1146 3198 primum

168 3213 265 3261 cornu
286 3201 475 3276 singulorum
496 3203 639 3277 paulatim
655 3204 811 3278 signorum
826 3201 935 3270 milites
952 3203 1148 3265 subtrahens

168 3283 210 3346 ita
229 3284 349 3361 pedites
369 3283 523 3359 equitibus
544 3301 614 3348 cum
628 3287 687 3347 levi
703 3293 856 3351 armatura
868 3295 938 3350 ante
954 3289 1049 3348 aciem
1063 3286 1145 3349 hosti

168 3368 322 3444 oppositis
334 3369 400 3430 sine
410 3369 539 3432 tumulltu
550 3369 683 3445 abducti,
694 3387 751 3432 nec
763 3379 841 3448 ante,
853 3388 945 3448 quam
952 3373 1145 3448 primanons

169 3451 240 3512 valli
260 3469 297 3514 ac
315 3451 403 3516 losse
422 3451 571 3532 perducta
586 3460 647 3530 est,
669 3471 708 3516 ex
729 3457 859 3518 statione
874 3456 994 3532 equites
1010 3453 1144 3516 revocati
