2570 3952
204 227 270 290 266
297 224 612 287 utensilitate.
630 227 1097 296 tt.1t.[a.tt.c.58tea.c.168]
1175 298 1181 302 „

208 381 315 438 venire
327 377 399 437 velit
409 376 537 450 locique
547 374 663 449 optimc
675 373 808 434 manium
819 372 1006 447 incapitotio
1014 373 1193 434 sacrificare

205 471 240 522 et
251 468 355 536 grates
369 475 477 534 ageret
497 459 539 530 id,
555 457 788 517 nisimolestum
804 457 851 528 sit,
867 463 899 516 ut
910 458 938 514 ei
953 458 1141 531 permittatur
1151 456 1192 516 ab

205 553 319 604 senatu
334 549 446 618 petere.
472 541 552 600 XIV.
572 555 758 614 responsum
771 541 940 614 reguloest
956 541 1056 600 lacere
1072 547 1191 616 patrem

206 627 275 687 eius
302 625 497 686 Masinissam
518 625 602 698 quod
618 623 717 684 virum
742 632 860 698 gratum
884 623 1061 698 bonumque
1086 624 1192 683 iacere
1266 687 1267 706 ἶ

209 711 331 783 deceat,
352 714 386 771 ut
406 709 535 785 pretium
555 707 765 780 honoremque
785 705 888 767 debito
912 706 1062 766 beneficio
1085 707 1189 766 addat.
1266 717 1267 726 ¹

206 803 240 855 et
254 794 402 870 populum
416 793 587 854 Romanum
601 790 640 850 ab
660 805 698 850 eo
714 790 795 850 bello
816 788 931 852 Punico
953 790 1023 850 lorti
1042 789 1191 864 fidelique

206 893 306 953 opera
321 877 472 948 adiutum,
494 882 524 935 et
537 875 621 935 illum
635 874 757 934 lavante
774 889 902 948 regnum
918 875 1033 948 populo
1048 872 1190 934 Romano

209 961 370 1035 adeptum
391 959 529 1034 aequatis
544 958 582 1018 iis
597 964 705 1033 postea
718 955 807 1016 trium
820 966 927 1031 regum
941 956 1029 1016 bellis
1040 956 1190 1032 deinceps

208 1043 350 1104 omnibus
365 1057 435 1102 cum
457 1042 592 1102 iunctum
609 1040 729 1102 olliciis.
759 1039 885 1100 victoria
903 1055 977 1100 vcro
1001 1041 1107 1114 populi
1128 1041 1189 1101 Ro-

207 1127 290 1186 mani
304 1125 409 1187 laetari
423 1140 491 1185 cum
506 1139 610 1200 regem
626 1123 735 1184 mirum
747 1139 810 1185 non
825 1139 904 1198 esse,
927 1123 979 1198 qui
995 1130 1109 1184 sortem
1127 1141 1190 1184 om-

209 1226 278 1270 nem
293 1210 431 1270 fortunae
443 1208 591 1283 regnique
603 1206 651 1268 sui
662 1222 731 1268 cum
742 1207 834 1266 rebus
846 1207 992 1268 Romanis
1003 1207 1190 1268 miscuisses.

207 1300 312 1368 grates
327 1291 385 1353 diis
401 1308 458 1368 pro
473 1291 579 1367 populi
592 1290 721 1353 Romani
735 1291 862 1350 victoria
873 1290 955 1365 apud
971 1305 1046 1351 suos
1058 1299 1191 1364 penates

207 1384 330 1452 agerem
344 1377 463 1436 Romae
476 1375 570 1436 filium
585 1389 642 1451 pro
653 1389 691 1434 eo
702 1380 847 1434 acturum.
870 1375 1052 1448 gratulatum
1064 1391 1192 1450 quoque

210 1461 285 1520 satis
300 1477 357 1520 suo
370 1474 407 1519 ao
421 1459 517 1534 patris
532 1459 653 1519 nomine
667 1473 748 1518 csse.
769 1455 869 1532 ipsum
882 1457 1192 1532 relinquereregnum

208 1550 242 1602 et
255 1543 360 1602 Airica
380 1542 546 1614 excedere,
568 1549 782 1616 praeterquam
804 1541 888 1616 quod
909 1539 951 1600 illi
972 1540 1077 1601 inutile
1095 1550 1191 1614 esset,

210 1641 271 1685 non
292 1640 363 1684 esse
383 1639 449 1684 ere
471 1623 595 1700 publica
616 1625 723 1699 populi
742 1624 870 1685 Romani
892 1633 1029 1685 senatum
1051 1639 1191 1686 censere.

209 1709 324 1784 petenti
339 1707 506 1783 Masgabae
520 1716 554 1768 ut
566 1707 675 1768 Hanno
693 1707 871 1768 Hamilcaris
892 1709 973 1768 filius
989 1708 1083 1770 obses
1101 1708 1133 1768 iu
1145 1710 1191 1770 lo-

208 1809 279 1854 cum
294 1793 327 1832 ⁴*
340 1793 485 1866 exigeret.
521 1807 648 1852 munera
671 1806 711 1851 cx
731 1797 856 1851 senatus
871 1793 1011 1853 considio
1026 1806 1130 1851 emere
1143 1808 1191 1852 re·

191 1883 193 1886 ⁴
209 1877 281 1952 gulo
299 1883 444 1951 quaestor
458 1875 563 1936 iussus
578 1890 618 1934 ex
632 1881 752 1935 centum
768 1875 871 1949 pondo
886 1875 1018 1951 argenti,
1038 1882 1068 1934 et
1084 1889 1190 1950 prose·

210 1959 263 2034 qui
278 1974 349 2018 eum
362 1957 516 2033 Puteolos,
537 1973 720 2032 omnemque
738 1965 907 2033 sumptum,
930 1958 1034 2034 quoad
1054 1959 1085 2017 in
1105 1959 1192 2019 ltalia

209 2048 307 2114 esset,
330 2040 493 2116 praebere,
521 2048 552 2102 et
571 2042 649 2102 duas
663 2056 758 2102 naves
777 2041 963 2115 conducere,
993 2041 1106 2118 quibus
1122 2043 1191 2118 ipse

209 2123 402 2198 comitesque
414 2123 498 2198 regis
512 2122 543 2184 in
561 2124 696 2185 Africam
717 2122 955 2196 deveherentm;
978 2133 1008 2186 et
1028 2125 1191 2186 comitibus

114 2211 118 2220 '
208 2207 656 2283 omnibus,liberisservlsque,
669 2205 937 2269 vestimentadata.
959 2208 1190 2269 hauditamulto

211 2299 283 2368 post
307 2292 347 2352 de
368 2291 463 2351 altero
477 2290 660 2352 Masinissae
680 2291 743 2350 filio
758 2291 916 2366 Misagene
936 2293 1052 2352 litterae
1069 2293 1191 2354 adlatae

210 2382 291 2446 suut,
307 2374 435 2433 missum
450 2389 519 2433 eum
537 2373 575 2432 ab
594 2374 629 2433 L.
650 2373 743 2434 Paulo
764 2382 836 2449 post
854 2375 1005 2436 devictum
1024 2375 1141 2436 Persea
1161 2377 1190 2436 in

209 2458 345 2517 Africam
361 2471 430 2516 cum
445 2457 599 2532 equitibus
614 2457 689 2532 suis,
703 2457 911 2532 navigantem,
931 2459 1073 2534 dispersa
1088 2460 1191 2520 classe

208 2541 241 2598 in
254 2538 429 2599 Hadriatico
441 2539 517 2599 marl
531 2539 726 2601 Brundisium
740 2541 836 2602 tribus
851 2542 980 2602 navibus
996 2557 1121 2617 aegrum
1138 2543 1190 2602 de·

209 2625 313 2684 latum.
341 2622 382 2681 ad
399 2638 468 2682 eum
484 2638 552 2683 cum
567 2622 676 2682 iisdem
690 2624 877 2698 muneribus
894 2641 973 2700 quae
988 2626 1059 2686 data
1073 2625 1191 2686 Romae

209 2706 293 2766 fratri
314 2706 382 2766 eius
403 2713 502 2778 erant,
525 2706 558 2766 L.
574 2706 734 2768 Stertinius
750 2714 895 2782 quaestor
908 2708 1103 2770 Brundisium
1118 2710 1190 2770 mis·

207 2807 274 2863 sus,
291 2790 458 2867 iussusque
473 2806 588 2864 curare,
604 2798 637 2852 ut
650 2793 744 2852 aedes
759 2789 849 2866 hospi

209 2956 275 3015 XV.
298 2957 327 3014 in
344 2964 487 3031 quattuor
506 2957 639 3017 urbanas
657 2957 754 3018 tribus
775 2957 922 3034 descripti
944 2966 1030 3018 erant
1049 2959 1190 3033 libertini,

142 3039 149 3054 ‘
210 3045 418 3114 praetereas,
442 3039 552 3114 quibus
573 3040 653 3100 filius
676 3040 863 3115 quinquenni
879 3042 975 3102 maior
989 3058 1027 3101 ex
1049 3057 1084 3102 se
1098 3051 1190 3104 natus

208 3129 310 3182 essem
333 3136 398 3192 eos
414 3121 466 3181 ubi
481 3123 621 3197 proximo
635 3125 730 3184 lustro
752 3126 837 3184 censi
852 3132 971 3199 essent,
993 3127 1112 3186 censeri
1127 3126 1190 3186 ius·
1266 3159 1267 3180 l

210 3210 324 3265 serunt.
360 3211 392 3264 et
405 3219 461 3265 eos
477 3206 529 3280 qui
544 3206 702 3279 praedium
717 3208 883 3282 praediave
893 3209 1011 3269 rustica
1026 3209 1121 3284 pluris
1139 3226 1189 3269 se·
1266 3213 1267 3232 l

211 3285 347 3348 stertium
362 3287 484 3362 triginta
497 3288 612 3350 milium
622 3288 786 3366 haberent,
808 3293 956 3352 censendi
975 3293 992 3332 *
1012 3291 1060 3352 ius
1075 3294 1190 3353 lactum

208 3378 267 3431 est.
304 3370 363 3431 hoc
378 3387 446 3432 curn
461 3372 503 3432 ita
517 3379 670 3434 servatum
693 3382 791 3449 esset,
812 3376 944 3450 negabat
963 3375 1108 3438 claudius
1123 3377 1189 3436 sul·

210 3453 298 3528 lragii
312 3454 455 3516 lationem
469 3456 588 3517 iniussu
602 3456 708 3534 populi
724 3473 883 3518 censorem
902 3458 1042 3535 cuiquam
1061 3455 1187 3530 homini,
