2598 3956
215 194 278 260 110
397 187 513 248 LIBER
526 187 601 248 XLI.
624 185 707 247 CAP-
718 194 745 250 8.
757 193 785 248 9.
806 192 842 259 [a.
856 190 891 244 U.
903 209 927 244 c.
938 192 1001 258 575]

214 344 271 404 bus
285 340 412 414 Martiis,
430 356 491 416 quo
507 337 557 400 die
570 335 770 414 Sempronius
783 336 989 414 Claudiusque
1003 342 1194 404 consolatum

213 427 354 499 inierunt,
369 425 483 488 mentia
498 431 614 485 tantum
628 422 667 483 de
682 419 850 500 provinciis
863 419 1006 484 Sardinia
1018 422 1195 500 Histriaque

213 505 750 587 etutritraquehastibusluitquiin
763 503 1194 584 hisproviaciisbellumcan·
1293 537 1294 544 κ

214 595 370 656 civissent.
392 601 518 670 postero
535 591 585 652 die
599 589 690 666 legati
708 588 885 666 Sardorum,
901 589 952 666 qui
967 591 1007 652 ad
1018 596 1118 654 novas
1130 609 1193 654 ma·
1293 617 1294 644 t

213 679 358 754 gistrum
372 677 457 740 dilati
471 683 566 750 erant,
580 674 821 737 ethwardus
836 675 993 750 Thermus,
1010 677 1063 751 qui
1076 678 1195 752 legatus

212 761 317 824 Manlii
332 760 640 824 cartsulisinliistria
654 761 766 833 lucrm,
783 760 813 820 in
826 765 965 821 senatum
979 761 1072 821 venit.
1095 759 1195 822 abhis
1293 823 1294 826 ,

213 846 344 908 edoctus
352 851 541 919 estsenatus,
550 849 697 922 quantum
706 841 841 906 bellicae
853 843 1028 920 provinciae
1038 843 1196 906 haberent.
1293 903 1294 906 ,

296 930 459 993 Moverunt
478 935 617 990 senatum
632 934 663 988 et
675 927 845 1003 legationes
860 928 978 990 socium
993 927 1125 990 numinis
1139 929 1196 989 La·
1292 935 1294 970 ἐ

212 1012 282 1089 tini,
309 1029 389 1091 quae
409 1021 440 1074 et
460 1027 606 1074 censores
628 1020 660 1072 et
679 1011 797 1088 priores
819 1013 964 1073 consules
985 1011 1195 1088 fatigaverant,

212 1099 335 1159 undem
348 1098 379 1158 in
394 1104 534 1158 senatum
547 1097 748 1158 introductae.
771 1097 889 1156 summa
904 1095 1109 1172 querellarum
1123 1103 1197 1171 erat,

213 1178 298 1243 cives
309 1181 509 1244 suasRomae
521 1193 634 1242 censos
646 1180 948 1256 plerasqueliomam
959 1178 1196 1255 commigrasse3

213 1265 299 1342 quod
313 1266 340 1327 ei
356 1266 560 1343 pennittatur,
580 1262 746 1341 perpaucis
759 1264 865 1324 lustris
881 1263 1012 1326 futurum
1027 1269 1061 1324 ut
1073 1262 1197 1324 deserta

213 1349 345 1426 oppida,
367 1350 481 1411 deserti
498 1349 564 1424 agri
584 1349 699 1408 nullum
719 1345 841 1408 militem
863 1347 938 1409 dare
956 1354 1095 1425 possent.
1124 1346 1196 1410 Fre·

212 1435 310 1509 geilae
331 1447 456 1511 quoque
474 1431 557 1494 milia
576 1439 719 1509 quattuor
739 1431 918 1492 lumiliarum
938 1428 1090 1494 transisse
1104 1431 1144 1492 ab
1159 1447 1194 1494 se

214 1517 366 1578 Samnites
378 1517 557 1592 Pelignique
572 1516 785 1592 querebantur,
800 1530 902 1591 neque
912 1529 950 1576 ea
962 1513 1063 1576 minus
1072 1522 1126 1576 aut
1135 1514 1194 1577 has

212 1607 266 1660 aut
285 1599 355 1662 illas
375 1600 406 1660 in
422 1599 566 1660 dilectma
585 1597 712 1660 militum
725 1601 810 1660 dare.
836 1614 950 1675 genera
963 1605 1064 1662 autom
1079 1599 1196 1660 fraudis

214 1684 275 1743 duo
290 1683 454 1745 mutandae
468 1683 578 1744 viritim
592 1682 721 1744 civitatis
736 1682 859 1744 indocta
873 1689 969 1745 erant.
990 1684 1040 1744 lex
1054 1682 1148 1747 sociis
1160 1699 1197 1745 ac

213 1765 345 1828 nominis
365 1767 479 1840 Latini,
505 1767 558 1842 qui
579 1767 704 1842 stirpem
725 1782 765 1827 ex
786 1782 860 1828 sese
879 1768 961 1830 donni
980 1765 1196 1843 relinquerent,

212 1851 319 1926 dabat,
340 1858 373 1912 ut
392 1851 477 1911 cives
491 1851 620 1913 Romani
641 1850 760 1913 lierant.
792 1867 830 1912 ea
843 1852 911 1927 lege
923 1852 1003 1912 maie
1017 1852 1136 1914 utendo
1147 1851 1197 1912 alii

213 1935 318 2008 sociis,
334 1934 383 1995 alii
400 1935 516 2011 popula
531 1936 670 1998 Romano
686 1933 826 1997 iniuriam
841 1933 1003 1998 iaciebant.
1030 1952 1099 1996 narn
1114 1941 1145 1996 et
1158 1951 1197 1996 ne

212 2018 340 2095 stirpem
355 2018 438 2079 donni
452 2016 668 2096 relinquerent,
683 2019 797 2082 liberos
809 2035 884 2081 suos
897 2019 1123 2096 quibusquibus
1135 2020 1196 2082 iio·

212 2102 311 2163 munis
326 2101 356 2162 in
372 2117 440 2162 eam
455 2102 678 2178 condicionem,
691 2111 726 2165 ut
738 2103 1026 2180 manumitterentur,
1040 2101 1194 2179 mancipia

213 2187 343 2262 dabant,
363 2186 557 2263 libertinique
578 2188 662 2248 cives
683 2196 803 2258 essent;
831 2195 860 2249 et
883 2186 995 2262 quibus
1016 2188 1130 2264 stirpes
1144 2188 1196 2250 de-

152 2266 160 2274 '
213 2279 312 2347 esset,
341 2287 433 2348 quarn
456 2271 678 2347 relinquerent,
706 2281 740 2334 ut
765 2273 849 2334 cives
874 2269 1004 2334 Romani
1028 2269 1196 2333 flebant**.

214 2361 324 2432 postea
346 2353 395 2416 his
417 2370 542 2431 quoquc
564 2355 748 2431 imaginibus
768 2354 843 2415 iuris
864 2356 993 2429 spretis,
1019 2355 1198 2430 promiscue

213 2438 282 2500 sine
301 2439 384 2514 lege,
406 2439 474 2500 sine
494 2440 593 2515 stirpe
610 2437 641 2498 in
662 2438 813 2499 civitatem
826 2439 996 2498 Romanam
1016 2451 1073 2512 per
1087 2438 1197 2512 migra·

212 2521 325 2583 tianem
339 2529 371 2583 et
383 2537 511 2585 censura
525 2522 703 2584 tmnsibant.
724 2522 855 2582 haecne
869 2527 980 2597 postea
993 2521 1102 2583 fierent
1112 2528 1196 2598 pete·

211 2605 286 2667 bant
296 2604 397 2682 legati,
410 2613 441 2668 et
451 2613 485 2667 ut
496 2607 597 2667 redire
607 2604 638 2666 ia
650 2605 788 2668 ciuitates
799 2604 937 2668 iuberent
948 2603 1070 2676 socias;
1085 2604 1197 2666 deinde

211 2697 246 2751 ut
263 2691 331 2766 lege
353 2696 511 2766 caverent,
531 2690 762 2766 nequisquam
778 2689 908 2753 civitatis
923 2691 1087 2752 mutandae
1102 2705 1199 2753 causa

213 2790 302 2835 suum
318 2773 434 2837 iacemt
447 2789 526 2835 neve
539 2773 701 2847 alienaret;
724 2782 755 2836 et
768 2774 796 2838 si
811 2775 883 2852 quis
894 2775 936 2836 ita
950 2775 1027 2836 civis
1037 2776 1197 2837 Romanus

214 2859 312 2918 lactus
327 2865 420 2934 esset,
434 2860 507 2920 civis
519 2875 558 2922 ne
569 2865 653 2922 erret.
674 2858 752 2921 haec
766 2860 926 2936 impetrata
939 2859 979 2918 ab
993 2866 1111 2922 senatu.

295 2941 346 3002 IX.
367 2940 548 3004 Provinciae
563 2941 691 3018 deinde,
707 2959 786 3020 quae
801 2944 832 3004 in
846 2944 927 3005 ballo
943 2949 1037 3018 erant,
1053 2941 1195 3006 Sardinia

211 3029 305 3096 atque
318 3024 432 3086 Hisuia
446 3024 598 3087 decretae.
626 3027 656 3086 in
672 3025 843 3088 Sardiniam
858 3026 938 3090 duae
952 3027 1090 3103 legiones
1104 3027 1197 3090 scribi

209 3105 330 3194 iussae,
353 3107 448 3182 quina
460 3108 543 3169 milia
556 3111 586 3170 in
602 3111 739 3184 sinantias
754 3115 785 3171 et
798 3110 909 3172 duceni
923 3111 1059 3188 pedites,
1081 3111 1196 3174 treceni

211 3187 349 3266 equites;
371 3197 402 3252 et
421 3191 584 3254 duodecim
604 3193 686 3254 milia
706 3194 843 3270 peditum
863 3195 1019 3258 sociorum
1032 3211 1076 3260 ac
1096 3195 1194 3258 Latini

212 3271 360 3350 nominis,
375 3281 407 3336 et
420 3277 558 3338 sexcenti
573 3277 703 3353 equites,
720 3282 750 3338 et
763 3278 870 3340 decern
888 3279 1124 3358 quinqueremes
1140 3295 1196 3340 na-

212 3373 276 3434 ves,
292 3356 320 3420 si
334 3357 489 3422 deducere
502 3376 542 3422 ex
560 3361 719 3424 navalibus
734 3363 834 3424 vellet
857 3365 1043 3428 mutandam
1057 3364 1195 3441 peditum

211 3443 409 3525 equitumque
423 3446 453 3507 in
464 3445 617 3522 Histriam,
634 3454 780 3525 quantun
792 3448 822 3509 in
832 3445 1012 3526 Sardiniam
1027 3448 1194 3512 decretura.

1280 3367 1288 3725 l

1282 3747 1287 3822 i
