2598 3956
299 225 415 290 urana
427 226 502 289 xor.
526 226 904 311 cAP.1r;m.[a.c.1tt]
1032 229 1096 294 11³

16 355 26 374 ⁴
107 375 247 451 intendit,
261 390 445 452 amnemque
459 375 726 453 praeterfluentem
742 379 873 454 moenia,
889 380 941 456 qui
956 381 1093 458 etimpe3

107 461 242 524 dlmeoto
263 460 513 538 oppugnantibus
534 468 600 521 erat
619 468 649 522 et
668 463 864 538 aquationem
878 464 990 526 Histris
1004 480 1093 541 prae-

105 545 207 618 bebat,
221 546 382 606 multorum
395 542 514 606 dierum
529 560 624 621 opere
634 554 797 623 exceptum
808 563 890 609 novo
903 549 992 609 alveo
1006 564 1093 609 aver·

107 629 149 689 tit.
170 645 208 689 ea
222 642 273 688 res
283 627 435 689 barbaros
447 627 593 690 miraculo
605 630 711 692 terruit
721 630 863 692 abscisae
874 647 992 706 aquae;
1013 638 1044 693 et
1054 647 1094 694 ne

105 717 170 773 tum
185 709 308 788 quidem
323 727 476 773 memores
490 712 587 788 panis,
603 711 634 773 in
649 714 776 774 caedem
792 715 956 790 coniugum
970 731 1008 776 ac
1019 715 1093 776 libe·

69 817 74 826 ·
104 811 210 857 rorum
229 794 329 870 versi,
355 795 445 857 etiam
469 803 503 858 ut
525 799 702 872 spectaculo
723 797 865 859 hostibus
885 805 948 859 tam
967 799 1093 861 lnedum

104 881 225 941 lacinus
247 886 346 954 esset,
367 882 469 956 polam
490 880 520 940 iu
540 881 636 942 muris
657 880 827 944 trucidatos
842 881 1093 958 praecipitabant.

103 963 184 1024 inter
197 961 289 1024 simul
304 962 576 1039 complorationem
591 965 771 1026 laminarum
784 980 1028 1042 puerorumque,
1051 967 1093 1028 si-

104 1049 167 1108 mul
189 1047 353 1110 nefandam
375 1049 516 1121 caedem,
539 1049 649 1110 milites
669 1049 855 1124 transgressi
872 1065 990 1111 murum
1006 1051 1093 1128 oppi-

105 1133 179 1192 dum
204 1128 362 1193 intrnrunt.
394 1134 481 1194 cuius
503 1132 584 1210 capti
604 1133 761 1194 tumultum
782 1139 816 1194 ut
836 1148 875 1192 ex
896 1133 1011 1210 pavido
1033 1135 1094 1196 cla·

103 1231 190 1277 more
203 1215 381 1291 fugientium
395 1215 516 1293 accepit
529 1233 601 1292 rex,
618 1217 736 1278 traiecit
749 1217 830 1279 lerro
846 1225 971 1293 pectus,
993 1233 1032 1280 ne
1045 1218 1092 1278 vi·

104 1316 163 1361 tus
179 1306 357 1376 caperetur=
379 1301 471 1362 ceteri
485 1299 566 1376 capti
577 1306 628 1360 aut
640 1299 744 1362 occisi.
768 1301 829 1362 duo
843 1300 955 1361 deinde
968 1301 1094 1377 oppida,

103 1384 210 1445 Mutila
223 1390 254 1446 et
266 1382 405 1458 Faveria,
422 1383 453 1444 vi
468 1390 558 1460 capta
573 1392 604 1445 et
621 1383 730 1444 deleta.
762 1385 893 1460 praeda,
909 1392 943 1445 ut
957 1384 986 1444 io
1002 1392 1094 1460 gente

105 1467 206 1545 inopi,
232 1483 290 1545 spe
310 1468 407 1528 nraior
421 1467 491 1542 luit,
519 1475 549 1529 et
568 1469 668 1528 omnis
693 1464 838 1530 militibus
860 1482 1012 1530 concessa
1036 1475 1094 1529 est.

106 1553 243 1629 quinque
263 1550 346 1612 milia
366 1552 500 1629 capitum
521 1559 669 1613 sexcenta
689 1551 810 1628 triginta
828 1551 889 1613 duo
905 1552 963 1613 sub
979 1567 1095 1614 corona

105 1636 274 1697 venierunt.
303 1643 446 1697 auctores
467 1635 540 1697 belli
559 1636 654 1712 virgis
675 1634 758 1697 caesi
780 1643 809 1696 et
824 1637 925 1698 securi
941 1637 1094 1712 percussi.

105 1718 218 1798 Histria
232 1725 296 1780 tnta
309 1719 398 1781 trium
413 1720 596 1796 oppidorum
608 1719 730 1781 excidio
743 1727 773 1780 et
782 1726 879 1780 morte
889 1721 971 1796 regis
984 1727 1095 1797 pacata

106 1810 168 1874 est;
190 1819 360 1879 omnesque
381 1804 517 1879 undique
538 1805 645 1881 populi
671 1802 831 1864 obsidibus
854 1803 932 1866 datis
954 1803 984 1863 in
999 1804 1094 1866 dicio-

108 1902 175 1948 nem
190 1893 350 1948 venerunt.

193 1970 258 2032 Sub
269 1970 391 2032 Histrici
403 1970 494 2033 finem
506 1971 578 2034 belli
589 1973 808 2050 apudLigures
821 1972 949 2034 concilia
961 1973 1000 2033 de
1011 1972 1092 2034 bello

105 2054 211 2116 haberi
232 2062 353 2132 coepta.
382 2055 447 2116 XII.
467 2056 512 2116 Ti.
530 2056 674 2118 Claudius
689 2057 879 2132 proconsul,
903 2056 955 2132 qui
970 2063 1095 2132 praetor

105 2140 208 2216 priore
233 2155 314 2200 anno
341 2142 453 2212 luerat,
480 2156 547 2199 cum
573 2141 729 2216 praesidio
751 2139 881 2214 legionis
901 2139 993 2201 unius
1014 2140 1093 2202 Pisis

105 2231 257 2299 praeerat.
291 2221 379 2285 cuius
399 2222 505 2284 litteris
529 2229 655 2284 senatus
677 2223 788 2283 certior
809 2223 908 2283 iactus
931 2238 986 2284 eas
1007 2223 1092 2298 ipsas

107 2308 222 2368 litteras
237 2306 278 2368 ad
295 2308 326 2369 c.
342 2305 501 2368 claudium
514 2337 559 2352 -
572 2323 642 2368 nam
656 2304 733 2368 alter
747 2307 856 2367 consul
870 2306 930 2366 iam
943 2307 974 2366 in
990 2303 1094 2366 Sardi·

105 2391 188 2452 niam
203 2391 421 2454 traiecerat-
433 2389 619 2452 deferendas
634 2398 754 2466 censet,
775 2398 807 2454 et
820 2391 914 2451 adicit
928 2391 1093 2465 decretum,

106 2476 252 2552 quoniam
265 2475 379 2537 Histria
393 2475 553 2552 provincia
567 2476 708 2536 conlecta
722 2482 820 2550 esset,
842 2473 870 2534 si
885 2475 913 2535 ei
926 2473 1092 2549 videretur,

104 2560 274 2624 exercitum
287 2559 461 2620 traduceret
471 2559 502 2620 in
511 2559 649 2636 Ligures.
669 2559 760 2620 simul
775 2575 815 2619 ex
826 2557 932 2620 litteris
945 2559 1092 2633 consulis

107 2660 188 2722 quas
203 2642 349 2704 derebus
367 2643 398 2702 in
408 2643 522 2704 llistria
535 2642 631 2719 gestis
647 2643 822 2720 scripserat,
838 2643 868 2703 in
883 2641 1008 2704 biduum
1019 2658 1093 2718 sup,-

105 2725 231 2804 plicatio
254 2727 386 2788 decreta.
417 2734 448 2788 et
467 2728 506 2788 ab
527 2727 622 2788 altero
645 2727 774 2788 consule
792 2727 836 2787 Ti.
856 2725 1038 2803 Sempronio
1062 2726 1094 2786 in

107 2810 249 2873 Sardinia
268 2824 419 2887 prospere
433 2828 484 2872 ras
505 2819 602 2888 gesta.
630 2810 798 2872 exercitum
812 2810 842 2869 in
857 2824 964 2884 agrum
979 2808 1094 2870 Sardo-

104 2911 174 2956 rum
188 2895 343 2955 Iliensium
364 2894 498 2956 induxit:
520 2896 700 2957 Balarorum
723 2909 834 2970 magna
848 2891 962 2954 auxilia
975 2892 1093 2954 iliensi-

104 2978 164 3040 bus
178 2986 340 3040 venerantr
363 2993 432 3040 eum
447 2985 578 3055 utraque
593 2987 683 3055 gente
698 2979 796 3054 signis
812 2976 930 3040 collatis
945 2975 1092 3038 condixit.

105 3063 167 3125 lusi
189 3062 347 3138 fugatique
366 3062 488 3136 hostes,
512 3064 685 3138 castrisque
705 3061 804 3137 exuti,
826 3061 989 3124 duodecim
1010 3060 1094 3122 milia

106 3153 294 3208 armatorum
314 3160 415 3207 caesa.
443 3153 570 3223 postero
591 3147 641 3207 die
656 3163 741 3208 arma
754 3147 834 3208 lecta
848 3143 947 3207 conici
960 3145 992 3206 in
1007 3161 1093 3208 acer-

104 3247 178 3292 vum
192 3228 283 3291 iussit
294 3230 411 3305 consul,
428 3245 613 3307 sacrumque
623 3231 655 3291 id
665 3231 805 3292 Vulcano
818 3230 973 3292 cremavit.
995 3230 1092 3290 victo·

105 3330 172 3377 rem
192 3314 359 3374 exercitum
381 3312 412 3374 in
432 3313 562 3376 hiberna
586 3313 740 3377 sociarum
760 3311 878 3376 urbium
899 3309 1031 3374 reduxit
1063 3317 1095 3371 et

108 3399 140 3460 c.
155 3397 299 3461 claudius
315 3396 421 3459 litteris
435 3397 479 3457 Ti.
492 3398 608 3460 claudii
622 3406 652 3459 et
666 3404 791 3460 senatus
807 3397 949 3458 consulto
964 3400 1094 3469 accepto

108 3498 148 3544 ex
161 3482 275 3543 Histria
292 3481 429 3624 legiopes
444 3482 473 3542 in
489 3483 615 3560 Ligures
629 3480 809 3543 transduxit.
838 3479 884 3624 ar}
897 3477 1093 3540 Scrrltennarn

153 3583 180 3626 r.
196 3581 257 3623 mvi
272 3581 348 3625 unas
394 3609 401 3623 .
