2598 3956
339 225 455 288 uisse
465 225 553 288 xu11.
571 227 654 288 cao.
666 235 693 290 a
706 237 748 290 ιο.
771 227 807 304 [ι.
821 232 932 309 enos]
1061 229 1119 296 137

142 379 277 452 lecisset,
294 389 355 454 quo
370 375 529 438 moenam
544 389 632 438 suam
645 377 685 438 sd
698 377 828 455 Ligures
847 381 1026 444 trsnslcrret
1040 383 1124 446 dedi-

143 475 205 546 que
218 459 256 523 iis
270 473 371 537 prope
384 459 543 522 consulem
557 467 681 538 pmctcr
694 459 821 525 iuberet
842 463 945 541 nsque
956 467 1083 528 multam
1097 468 1126 528 el

142 559 179 608 se
194 543 314 614 dicere,
337 559 355 604 a
369 543 508 620 putribus
525 545 698 621 postulare,
718 552 753 607 nt
766 554 892 610 senatus
907 551 1081 613 consultum
1096 551 1126 611 in

142 642 179 691 ee
193 625 306 690 ledum
320 625 385 689 tolli
398 627 547 703 iuberent,
565 628 891 708 supplicationemque,
909 647 1001 709 quum
1015 634 1126 696 obsen-

141 721 173 774 te
193 727 230 773 se
244 726 283 772 ex
298 709 405 773 litteris
419 709 461 773 de
473 709 554 774 bene
567 718 655 788 gesta
665 725 700 772 re
710 712 834 788 publica
843 714 948 777 missis
960 715 1127 780 &eernere

142 795 312 869 debuerint,
324 793 892 873 praesentehonorlsdeorunprinum
899 811 1003 871 cause,
1016 800 1128 861 deinde

142 884 174 940 et
187 877 236 940 sui
256 877 359 954 aliquo
380 885 482 940 tumen
500 886 647 956 respectu
661 879 871 943 decernerent.
893 881 987 944 nihilo
1003 884 1126 945 leniori·

141 962 201 1024 bus
214 977 306 1038 quarn
318 961 431 1024 absens
443 968 619 1025 senatorum
631 963 748 1039 aliquot
758 964 947 1027 erationibus
959 966 1125 1044 increpitus

142 1051 251 1107 neutra
264 1046 425 1122 inpeueta
438 1059 473 1107 re
485 1044 517 1107 in
532 1046 721 1122 provinciam
732 1045 823 1108 redit.

226 1127 313 1190 Alter
334 1130 443 1190 consul
461 1128 637 1192 Postuerius
658 1137 841 1208 conmmpts
861 1137 978 1194 aestate
994 1129 1026 1192 in
1038 1147 1125 1193 roco·

142 1212 332 1288 gneseendis
352 1213 451 1288 agris,
471 1227 511 1274 ne
525 1214 592 1275 visa
606 1213 730 1289 quidem
745 1212 904 1291 prouincia
918 1229 976 1278 sue
990 1217 1125 1278 comitio·

142 1311 211 1358 rum
226 1311 322 1358 deuse
332 1295 461 1358 Romam
475 1296 573 1358 rediit.
593 1298 738 1358 eonsules
751 1297 781 1358 c.
794 1297 954 1374 Popillium
964 1299 1127 1360 Laenatem

141 1376 175 1440 P.
190 1379 309 1442 Aelium
324 1378 466 1456 Ligiuem
479 1380 603 1441 ereevlt.
625 1387 785 1456 praetores
796 1380 909 1442 exinde
923 1381 994 1444 leoli
1006 1383 1037 1442 c.
1048 1383 1123 1443 lici·

142 1463 213 1526 nius
228 1462 360 1524 crassus
374 1457 415 1524 m.
431 1463 537 1526 listins
550 1462 672 1525 Pennus
685 1462 741 1540 sp.
757 1459 919 1526 Lueretius
933 1463 987 1540 Sp.
1002 1464 1125 1528 cluvius

140 1545 196 1608 On.
212 1544 345 1608 Sicinius
360 1547 392 1608 c.
408 1546 569 1608 Memmius
584 1547 701 1608 iterum.

226 1630 263 1691 Χ.
282 1629 330 1693 llo
352 1643 433 1693 nnnc
454 1632 583 1694 lustrum
604 1631 759 1693 conditam
780 1639 844 1693 esta
871 1645 1020 1694 censores
1042 1641 1128 1693 erem

144 1712 177 1788 ὓ.
188 1711 314 1776 surdus
324 1713 455 1776 Plceous
466 1713 504 1775 ll.
515 1713 691 1777 Postumius
700 1714 847 1777 Albinus:
865 1713 1040 1778 Postumius
1053 1731 1125 1778 eon-

140 1797 227 1860 didit.
249 1811 344 1859 censa
358 1804 431 1860 sunt
444 1797 555 1860 dmum
565 1799 771 1862 Romanorum
782 1798 884 1875 capite
895 1800 1027 1861 ducenta
1038 1814 1126 1860 sene-

142 1881 226 1956 muto
245 1897 357 1944 nouem
377 1882 459 1944 milis
478 1888 509 1944 el
526 1881 714 1960 quindecim,
735 1883 836 1945 minor
852 1882 1008 1959 aunuente
1023 1899 1126 1944 nume-

142 1977 205 2040 rus,
222 1964 295 2042 quie
308 1963 342 2026 L.
356 1965 533 2028 Postumius
548 1965 658 2028 consul
672 1979 731 2042 pro
746 1964 889 2028 nomene
904 1966 1058 2041 edixerat,
1075 1967 1127 2042 qui

143 2048 263 2111 socium
274 2048 372 2110 Lotinl
386 2047 518 2112 nominis
531 2061 572 2110 cx
586 2049 731 2112 edictali.
745 2049 861 2111 claudii
875 2050 1011 2112 consulis
1026 2044 1127 2111 redire

142 2131 173 2194 in
196 2132 333 2195 civitates
354 2149 429 2194 suas
450 2132 645 2208 debuissent,
666 2149 706 2194 ne
727 2132 921 2209 quis‘eorum
943 2135 1075 2206 Romce,
1097 2142 1127 2194 et

143 2229 252 2278 omnes
277 2215 308 2277 in
329 2217 395 2279 suis
417 2213 589 2278 civitatibus
611 2223 819 2278 censerentur.
852 2229 983 2278 concers
1004 2223 1035 2276 et
1055 2233 1073 2276 e
1092 2233 1126 2276 re

143 2299 267 2376 publiea
280 2299 489 2361 censurarum
522 2313 645 2374 omnes,
668 2313 748 2376 quos
761 2306 872 2360 senatu
885 2302 1125 2374 moveruntqul·

142 2381 266 2460 busque
276 2397 377 2462 equos
388 2384 576 2460 ademerunt,
592 2384 729 2447 amarius
741 2382 1012 2445 ieceruntettribu
1022 2397 1126 2444 meve·

141 2471 227 2538 runt;
247 2481 351 2545 neque
366 2467 405 2529 ab
417 2468 512 2532 altera
527 2475 665 2532 notatum
677 2467 754 2531 alter
764 2465 916 2544 probauit
938 2464 1064 2528 Fulvius
1076 2482 1127 2527 ee·

142 2550 213 2612 dem
226 2551 380 2614 Fortunae
391 2551 564 2628 equeculs,
585 2565 676 2630 quom
689 2552 859 2629 proconsul
871 2550 903 2612 in
917 2548 1068 2627 Hispania
1082 2552 1126 2611 di-

142 2635 259 2696 micens
281 2650 351 2698 cunt
366 2633 584 2698 celtiberorum
603 2634 777 2711 legionibus
790 2641 935 2709 voverm,
956 2649 1054 2696 annos
1070 2649 1127 2695 sex

142 2726 310 2796 postquam
321 2725 449 2781 voverat
459 2719 620 2791 dedicavit
634 2726 665 2780 et
676 2719 819 2782 scenicos
831 2719 922 2780 ludos
934 2732 992 2794 per
1003 2718 1125 2792 quadri-

143 2801 246 2876 duum,
262 2818 357 2864 onom
372 2803 452 2864 diem
466 2803 496 2864 in
513 2803 597 2865 circo
611 2802 692 2864 ieclt.

225 2885 260 2947 L.
272 2885 432 2949 cornebus
446 2883 609 2960 Lentulus,
625 2884 783 2946 decemvir
796 2898 969 2958 sacrorum,
991 2899 1029 2946 eo
1045 2899 1126 2945 anno

143 2977 282 3032 mortuus
300 2977 358 3033 eet.
386 2971 416 3032 in
431 2971 532 3032 locum
552 2971 619 3033 cius
635 2968 785 3031 suffectus
798 2969 837 3028 Α.
850 2965 1026 3030 Postumius
1040 2967 1125 3029 Albi-

143 3067 211 3114 nus.
248 3055 436 3116 locustarum
460 3061 562 3116 untes
588 3054 688 3117 nubes
706 3052 813 3114 amari
834 3059 926 3115 vento
946 3060 1074 3128 repente
1094 3054 1124 3112 in

142 3137 284 3212 Apuliam
304 3139 405 3200 illatae
426 3145 513 3214 sunt,
534 3145 568 3200 ut
581 3136 773 3200 examinibus
788 3137 853 3198 suis
870 3151 962 3212 egros
976 3135 1037 3196 late
1050 3151 1125 3211 ope·

141 3221 249 3294 tirent3
279 3221 431 3298 adquam
453 3227 572 3299 pestem
594 3223 712 3298 frugum
735 3221 899 3282 tollendam
919 3219 972 3281 cn.
992 3218 1124 3281 Sicinius

141 3312 267 3379 praetor
285 3304 479 3382 decimatus,
502 3321 571 3370 cum
585 3306 713 3382 imperio
727 3305 758 3366 in
772 3304 916 3381 Apuliam
930 3303 1059 3376 missus,
1080 3303 1124 3360 in-

142 3389 223 3462 genti
237 3388 359 3466 agmine
372 3387 529 3452 hominum
544 3390 583 3451 ad
598 3389 785 3466 colligendas
802 3403 856 3449 eas
868 3393 975 3450 coacto
987 3385 1125 3461 aliquan-

144 3479 206 3531 tunt
219 3472 369 3549 temporis
384 3473 564 3550 absumpsit.
