2598 3956
180 171 225 236 72
357 167 472 230 LIBER
485 168 546 228 XL.
570 167 652 231 tal.
665 177 707 229 21.
722 177 765 230 m.
788 175 824 242 [ιι.
838 173 871 226 U.
884 191 909 235 o,
922 175 985 242 ott]

178 343 247 390 rum
268 326 297 388 in
318 324 417 386 oleam
436 320 503 403 eius
525 321 577 396 qui
597 326 822 397 proponeretur,
842 335 950 392 casum
970 329 1001 384 et
1015 321 1161 400 quoniam

179 408 326 476 maiorem
340 407 434 468 tilium
450 419 555 468 seeum
570 405 705 479 duceret,
721 404 868 466 minorem
882 405 922 465 ad
937 403 1078 468 subsidia
1092 405 1160 483 spei

178 502 210 555 et
224 491 394 554 custodiam
409 489 495 566 regni
508 489 707 568 remissurum
723 488 754 548 in
767 487 979 550 Macedoniam
994 504 1075 552 esse.
1098 505 1160 552 non

179 577 302 654 lallebat
315 571 501 641 Demetrium
514 571 648 648 ablegari
664 587 713 647 se,
729 587 767 634 ne
782 571 909 634 adesset
922 570 1068 652 consilio,
1090 590 1161 636 eum
1271 641 1272 644 ,

179 662 208 721 in
224 665 394 736 conspectu
413 659 552 724 iocorum
575 655 798 731 consultarent,
819 671 881 730 qua
894 656 1035 732 proxime
1052 654 1161 719 itinera

177 745 218 805 ad
245 757 330 811 mare
349 739 557 806 Hadriaticum
582 747 675 816 atque
695 739 810 818 ltaliam
830 740 992 813 ducerent,
1020 756 1161 818 quaeque

177 825 346 896 belliratio
364 830 453 888 esset
474 825 583 888 lutura.
613 823 670 886 sed
689 839 752 886 non
772 823 872 886 solum
889 824 1062 900 parendum
1082 824 1158 901 patri

179 909 377 990 [tuturuised
392 910 482 976 etiam
504 906 740 973 adsentiendum
754 913 834 982 erat,
855 922 894 968 ne
910 904 1037 971 invitum
1052 923 1161 984 parere
1281 945 1282 958 ι

178 993 388 1072 suspicionem
408 995 533 1054 laceret.
564 999 599 1054 ut
616 999 717 1054 mmen
736 991 794 1053 iter
812 988 843 1054 ei
860 997 956 1056 tutum
971 991 1001 1053 in
1015 991 1160 1054 Macedo-

177 1079 259 1140 niam
270 1083 363 1150 esset,
378 1076 475 1138 Didas
486 1091 526 1137 ex
537 1073 729 1152 praetoribus
740 1075 832 1152 regiis
843 1092 934 1150 unus,
947 1074 997 1152 qui
1009 1075 1162 1138 Paeoniae

179 1167 328 1238 praeerat,
344 1161 449 1224 iussus
464 1165 514 1222 est
528 1159 677 1236 prosequi
692 1175 762 1222 eum
777 1175 847 1221 eunt
857 1159 979 1221 modico
992 1158 1161 1239 pracsidio,

179 1246 260 1314 bunc
282 1259 408 1321 quoque
421 1242 569 1318 Perseus,
591 1239 672 1324 sicut
689 1244 857 1324 plerosque
872 1242 969 1319 patris
984 1243 1161 1317 acdeorum,

178 1344 219 1392 ex
234 1345 296 1405 quo
312 1328 396 1398 haud
410 1327 535 1389 dubium
550 1326 693 1404 cuiquam
705 1342 777 1389 esse
792 1335 947 1406 coeperat,
964 1327 1003 1390 ad
1015 1342 1107 1404 quem
1121 1328 1162 1388 ita

177 1413 322 1474 inclinato
351 1411 433 1488 regis
460 1411 561 1474 animo
586 1409 742 1474 hereditas
767 1411 854 1486 regni
879 1411 1058 1486 pertineret,
1084 1409 1163 1472 inter

178 1497 356 1559 coniuratos
377 1498 407 1558 in
423 1494 525 1572 iratris
545 1495 711 1571 perniciem
732 1493 846 1557 babuit.
876 1494 908 1557 in
923 1495 1097 1572 praesentia
1110 1496 1163 1556 dat

177 1581 207 1642 ei
221 1580 373 1654 mandata,
389 1585 423 1641 ut
436 1593 492 1656 per
506 1593 597 1640 omne
608 1578 789 1656 obsequium
804 1577 971 1642 insinuaret
981 1595 1017 1642 se
1028 1578 1059 1639 in
1071 1595 1162 1655 quam

179 1664 312 1727 maxime
327 1663 505 1726 tanrillamm
520 1679 620 1738 usum,
635 1671 668 1726 ut
682 1661 794 1726 elicere
808 1663 910 1729 omnia
923 1679 1037 1726 arcana
1052 1679 1160 1742 specu·

178 1746 298 1822 iarique
323 1747 442 1810 abditos
468 1747 535 1810 eius
560 1763 672 1812 sensus
698 1755 815 1824 posset.
848 1746 890 1810 ita
913 1749 1081 1824 digreditur
1104 1748 1161 1809 lie-

41 1809 46 1815 ’
103 1895 105 1898 Α
150 1866 153 1870 -
178 1830 304 1897 metrias
319 1848 389 1904 cum
404 1830 612 1895 infestioribus
624 1847 721 1909 quam
735 1833 762 1894 si
778 1832 865 1896 solus
879 1833 936 1895 iret
949 1830 1123 1910 praesidiis.

262 1915 354 1978 XXII.
374 1914 534 1993 Philippus
548 1915 718 1990 Maedicam
732 1915 878 1993 primum,
900 1916 1012 1978 deinde
1026 1915 1164 1978 solitudi-

178 2015 237 2068 nes
265 1999 479 2064 interiacentes
503 1997 663 2062 Maedicae
688 2008 780 2077 atque
804 2001 921 2063 Haemo
950 2009 1162 2076 transgressus

179 2082 319 2159 septimis
342 2084 464 2146 demunt
484 2085 593 2146 eastris
615 2085 656 2145 ad
669 2085 791 2146 radices
814 2084 926 2148 montis
941 2084 1088 2161 pervenit
1121 2083 1164 2146 ibi

179 2183 273 2233 unum
296 2173 432 2228 moratus
455 2166 536 2230 diem
555 2169 595 2230 ad
610 2167 792 2244 deligendos
812 2185 891 2245 quos
906 2168 1033 2231 duceret
1046 2183 1162 2242 secum,

178 2249 267 2320 tertio
284 2250 334 2312 die
348 2252 405 2312 iter
419 2259 467 2312 est
481 2253 651 2327 ingressus.
677 2251 817 2314 modicus
832 2251 931 2329 primo
946 2253 1034 2314 labor
1047 2253 1078 2314 in
1094 2251 1163 2313 imis

179 2335 308 2396 callibus
319 2335 382 2396 init.
406 2334 593 2409 quantumin
604 2335 794 2400 altitudinem
805 2336 1050 2412 egrediebantur,
1065 2335 1163 2412 magis

178 2419 339 2493 magisque
365 2418 519 2480 silvestria
539 2425 571 2479 et
590 2419 737 2495 pleraque
763 2419 845 2482 invia
864 2420 934 2482 loca
954 2419 1163 2497 excipiebant:

178 2517 350 2577 pervenere
372 2501 484 2562 deinde
505 2501 535 2561 in
557 2508 618 2562 tam
640 2517 772 2577 opacum
786 2504 858 2579 iter,
878 2510 912 2567 ut
926 2519 1000 2580 prae
1015 2504 1165 2566 densitate

178 2585 324 2647 arborum
345 2585 613 2661 immissorumque
634 2586 762 2652 aliorum
782 2587 812 2648 in
828 2586 906 2650 alios
925 2603 1079 2651 ramorum
1095 2603 1164 2665 per·

179 2669 258 2744 spici
280 2670 398 2734 caelum
417 2668 470 2728 vix
485 2675 602 2745 posset.
630 2675 664 2731 ut
679 2686 752 2734 vero
768 2672 847 2747 iugis
862 2671 1163 2750 appropinquabant,
1188 2715 1191 2723 J

179 2751 264 2826 quod
278 2767 381 2812 rarum
395 2751 507 2814 inultis
523 2754 600 2816 locis
615 2760 671 2828 est,
686 2756 765 2818 adeo
779 2756 881 2818 omnia
892 2763 1031 2818 contecta
1042 2756 1164 2831 nebula,

178 2841 211 2895 ut
225 2834 308 2897 houd
323 2852 416 2898 secus
432 2852 524 2912 quarn
539 2845 689 2900 nocturno
704 2839 811 2904 itinere
825 2841 1052 2916 impedirentur.
1074 2839 1162 2902 tertio

179 2920 304 2980 demum
322 2919 373 2982 die
398 2919 437 2980 ad
456 2922 602 2983 verticem
623 2931 812 2999 perventum.
846 2922 920 2986 nihil
940 2926 1082 3002 vulgatae
1097 2927 1164 3000 opi-

179 3002 263 3063 nioni
279 3003 420 3077 degressi
435 3002 507 3064 inde
522 3005 733 3084 detraxerunt,
749 3009 847 3084 magis
863 3009 972 3080 credo,
989 3026 1028 3071 ne
1043 3009 1163 3070 vanitas

178 3085 294 3146 itineris
316 3087 447 3149 ludibrio
463 3098 561 3164 esset,
584 3106 676 3168 quarn
691 3094 775 3167 quod
790 3092 914 3154 diversa
927 3093 1004 3156 inter
1019 3109 1054 3154 se
1069 3094 1166 3154 maria

179 3177 362 3246 montesque
385 3179 414 3232 et
434 3189 539 3234 amnes
556 3189 595 3234 ex
607 3191 669 3237 uno
685 3176 754 3238 loco
771 3175 911 3252 conspici
924 3178 1088 3254 potuerint.
1111 3193 1163 3237 ve·

177 3252 241 3314 xati
258 3269 373 3328 omnes,
390 3264 420 3318 et
433 3265 504 3320 ante
519 3256 596 3320 alios
607 3274 663 3321 rex
674 3259 751 3335 ipse,
769 3277 831 3336 quo
844 3259 969 3336 gravior
979 3267 1078 3324 aetate
1090 3271 1164 3334 erat,

178 3336 356 3402 difficultate
375 3341 444 3402 viae
464 3349 520 3404 est.
555 3341 675 3404 duabus
697 3344 758 3404 aris
773 3343 815 3404 ibi
828 3344 894 3405 lovi
909 3349 939 3404 et
954 3341 1020 3406 Soli
1035 3345 1164 3406 sacratis

178 3434 248 3480 aum
262 3422 459 3502 immolasset,
475 3443 537 3502 qua
551 3424 651 3488 triduo
665 3429 855 3503 ascenderat,
871 3428 965 3490 biduo
979 3437 1027 3490 est
1037 3429 1157 3504 degres-
