2598 3956
195 225 256 290 128
393 223 507 286 LIBER
522 167 593 284 ΧΠ
620 218 747 282 caum.
770 225 806 294 [a.
818 224 854 279 U.
867 242 889 278 c.
902 224 966 292 etti]

276 377 396 440 xxvii.
425 375 577 438 censores
599 391 637 438 eo
652 391 732 436 anno
749 374 842 435 creati
858 371 892 448 Q.
906 371 1031 435 Fulvius
1045 373 1174 436 Flaccus
1201 439 1203 446 ,
1233 385 1239 449 ζ

190 472 223 525 et
233 459 588 523 A.PcstumiusAlbinus
600 461 737 536 legerunt
748 465 903 519 senatum:
918 457 1064 534 princeps
1076 459 1174 520 lectus
1191 486 1193 491 ·

191 547 232 606 M.
244 546 392 606 Aenrilius
402 544 537 624 Lepidus
552 543 689 620 pontifex
702 541 865 602 maximus.
888 542 928 602 de
940 552 1049 603 senatu
1060 557 1173 604 novem

193 632 358 692 eiecerunt.
390 627 527 704 insignes
544 635 635 690 notae
650 627 773 690 luerunt
785 625 826 686 M.
843 625 973 686 cornelii
987 623 1173 702 Maluginen-

190 715 246 788 sis,
262 713 315 789 qui
327 712 450 774 biennio
465 717 534 772 ante
548 719 671 787 praetor
684 710 715 771 in
729 708 880 787 Hispania
894 711 1000 784 luerat,
1016 717 1045 771 et
1056 709 1088 770 L.
1101 710 1173 772 Cor·

191 797 263 859 uelii
278 797 430 873 Scipionis
447 796 606 871 praetoris,
623 796 710 856 cuius
728 801 792 856 tum
806 796 884 856 inter
899 793 984 855 cives
995 801 1025 855 et
1039 792 1174 870 peregri-

190 898 249 944 nos
264 879 433 942 iurisdictio
448 887 526 952 erat,
543 886 573 940 et
587 879 640 940 Cn.
652 875 767 953 Fulvii,
783 876 836 954 qui
850 878 943 940 irater
957 893 1119 954 germanus
1135 883 1173 952 et,

189 973 225 1028 ut
243 965 386 1026 Valerius
407 965 514 1025 Antius
542 963 648 1036 tradit,
675 978 805 1023 consors
825 962 916 1025 etiarn
940 961 1079 1024 censoris
1099 967 1173 1022 erat.

189 1050 336 1110 consules
347 1049 427 1110 votis
440 1047 551 1126 [etiam]
563 1047 594 1107 in
602 1045 751 1123 Capitolio
762 1047 945 1123 nuncupatis
956 1047 986 1107 in
998 1044 1173 1123 provincias

189 1132 320 1210 proiecti
335 1139 414 1193 sunt.
437 1131 508 1192 exin
522 1130 562 1190 M.
575 1129 707 1192 Aemilio
723 1138 848 1193 senatus
863 1130 1019 1206 negotium
1033 1129 1124 1204 dedit,
1138 1136 1173 1190 ut

189 1216 403 1278 Patavinorum
428 1216 459 1276 in
479 1215 609 1276 Venetia
635 1215 817 1276 seditionem
839 1214 1066 1292 comprimeret,
1094 1229 1173 1289 quos

189 1299 354 1362 certamino
380 1300 543 1381 lactionum
569 1297 609 1358 ad
628 1298 802 1361 intestinum
827 1297 941 1360 bellum
967 1296 1124 1359 exarsisse
1144 1303 1174 1357 et

191 1385 329 1460 ipsorum
343 1385 434 1460 legati
449 1385 618 1445 attulerant.
651 1382 742 1458 legati
757 1381 809 1458 qui
824 1381 854 1442 in
868 1382 1021 1444 Aetoliam
1035 1381 1075 1442 ad
1090 1378 1172 1442 simi·

189 1469 236 1529 les
250 1474 352 1528 motus
368 1466 615 1542 comprimendos
630 1466 737 1539 ierant,
752 1464 964 1527 renuntiarunt
977 1465 1113 1526 coerceri
1124 1480 1172 1524 ra-

189 1551 270 1611 biem
284 1551 382 1626 gentis
398 1567 459 1610 non
476 1565 581 1626 posse.
601 1549 754 1611 Patavinis
768 1549 859 1609 saluti
871 1549 925 1609 luit
935 1549 1086 1609 adventus
1099 1563 1171 1609 con·

190 1633 283 1704 sulis;
299 1650 399 1711 neque
410 1633 493 1712 aliud
504 1634 590 1709 quod
601 1639 706 1708 agerat
715 1632 745 1694 in
758 1632 993 1709 provinciacum
1004 1631 1170 1703 habuisset,

189 1717 316 1779 Romam
337 1717 435 1778 rediit.
468 1733 615 1778 censores
634 1715 703 1778 vias
724 1716 906 1778 sternendas
927 1715 1011 1776 silice
1032 1716 1063 1776 in
1084 1714 1170 1788 urbe,

188 1804 293 1878 glarea
313 1810 400 1863 extra
418 1803 523 1862 urbem
545 1800 767 1862 substruendas
789 1798 1067 1876 marginandasque
1082 1795 1171 1875 primi

185 1885 325 1947 'omnium
340 1887 534 1957 locaverunt,
550 1892 723 1960 pontesque
737 1883 838 1945 multis
854 1885 931 1945 locis
947 1883 1121 1954 laciendum
1143 1889 1173 1942 et

191 1985 315 2031 scenam
336 1969 486 2030 aedilibus
509 1968 764 2045 praetoribusque
778 1968 1001 2044 praebendaur;
1025 1975 1055 2028 et
1069 1983 1171 2029 carce-

189 2069 241 2115 res
262 2053 292 2114 in
314 2054 411 2126 circo,
437 2061 468 2114 et
482 2069 542 2114 ova
558 2050 592 2091 **
610 2052 650 2113 ad
664 2060 754 2114 notas
775 2052 934 2113 curriculis
950 2050 1117 2113 numerand
1136 2048 1169 2088 **

191 2138 276 2209 darn,
298 2145 329 2198 et
347 2145 444 2199 metas
465 2145 548 2198 trans
560 2133 594 2174 **
607 2143 637 2196 et
656 2151 768 2198 caveas
785 2137 885 2196 ferrea
897 2133 930 2174 **
941 2133 1172 2197 intromitteren-

189 2229 239 2283 tur
250 2219 284 2260 **
299 2221 406 2283 ferreis
426 2221 455 2281 in
471 2228 573 2282 monte
586 2221 706 2281 Albano
729 2220 924 2295 consulibus,
946 2228 976 2281 et
990 2219 1101 2281 clivum
1117 2218 1171 2281 Ca-

190 2304 350 2384 pitolinum
371 2304 456 2366 silice
477 2305 673 2366 sternendum
694 2311 891 2378 curaverunt,
914 2312 944 2366 ct
962 2304 1115 2381 porticum
1133 2303 1171 2362 ab

190 2391 268 2450 aede
290 2387 412 2451 Saturni
436 2390 467 2450 in
488 2388 668 2465 capitolium
689 2389 729 2449 ad
749 2389 942 2462 senaculum,
969 2403 1005 2448 ac
1026 2403 1120 2462 super
1140 2384 1171 2446 id

190 2473 314 2534 curiam.
346 2481 376 2532 et
401 2480 487 2534 extra
511 2479 630 2549 portant
649 2471 851 2548 trigenunarn
877 2469 1045 2546 emporium
1070 2469 1172 2546 lapide

189 2562 363 2618 straverunt
377 2556 592 2633 stipitibusque
606 2563 798 2633 saepserunt,
813 2561 844 2615 et
853 2553 1002 2630 porticum
1013 2553 1172 2614 Aemiliam

188 2638 385 2701 reficiendam
400 2649 557 2717 curarunt,
573 2641 781 2716 gradibusque
796 2655 960 2701 ascensum
974 2637 1012 2698 ab
1027 2636 1127 2699 Tiberi
1141 2636 1172 2696 in

189 2723 359 2800 emporium
374 2726 520 2789 iecerunt.
536 2734 566 2785 et
576 2733 662 2786 extra
673 2725 803 2786 candem
813 2730 934 2801 portam
945 2723 975 2784 in
986 2721 1171 2784 Aventinum

190 2807 340 2885 porticum
354 2807 441 2870 silice
455 2818 642 2882 straverunt,
658 2817 689 2871 et
702 2825 740 2871 eo
756 2809 880 2885 publico
895 2808 934 2868 ab
949 2807 1026 2868 aede
1040 2805 1170 2866 Veneris

191 2894 335 2955 lecerunt.
362 2893 453 2955 iidem
468 2893 600 2954 Calatiae
614 2901 645 2954 et
656 2893 780 2955 Auximi
794 2907 899 2955 muros
914 2889 1074 2952 faciendos
1089 2891 1171 2949 loca·

189 2983 319 3050 verunt,
346 2975 539 3053 venditisque
564 2977 605 3038 ibi
630 2977 759 3052 publicis
786 2977 863 3039 locis
887 2975 1064 3052 pecuniam,
1091 2988 1169 3050 quae

189 3058 315 3119 redacta
329 3068 403 3134 erat,
418 3060 552 3121 tabernis
567 3061 687 3138 utrique
702 3063 770 3123 loro
786 3058 1012 3122 circumdandis
1028 3073 1170 3120 consum·

189 3149 325 3219 pserunt.
349 3153 379 3204 et
393 3145 469 3206 alter
478 3161 517 3206 ex
532 3145 569 3206 iis
580 3144 706 3206 Fulvius
716 3145 846 3207 Flaccus
858 3177 900 3188 -
910 3159 980 3204 nam
994 3143 1170 3205 Postumius

188 3226 262 3288 nihil
281 3227 340 3288 nisi
355 3236 480 3295 senatus
495 3230 624 3290 Romani
639 3230 784 3307 populive
799 3228 887 3290 iussu
901 3243 937 3289 se
951 3228 1120 3290 locaturum
1135 3221 1169 3264 **

187 3311 325 3388 ipsarum
338 3313 469 3388 pecunia
484 3313 566 3374 Iovis
581 3313 689 3375 aedem
701 3312 829 3388 Pisauri,
844 3320 875 3374 et
884 3311 1010 3387 Fundis,
1024 3311 1170 3372 etPoten-

187 3397 247 3458 tiae
263 3395 353 3459 etiarn
367 3413 478 3474 aquam
492 3397 714 3474 adducendam,
730 3404 761 3458 et
773 3395 891 3459 Pisauri
907 3396 984 3456 viam
997 3394 1082 3456 silice
1093 3400 1167 3455 ster·

188 3482 328 3558 nenium,
344 3488 375 3543 ct
387 3481 565 3546 Sinuessam
581 3507 651 3566 aga
661 3488 696 3530 **
708 3487 856 3565 aviariae,
865 3481 896 3541 in
906 3480 955 3541 his
968 3485 998 3542 et
1009 3479 1057 3540 clo
1068 3474 1102 3517 *¹*
1116 3493 1168 3538 um
