2592 3964
291 216 409 276 LIBER
423 215 484 276 XL.
508 215 590 274 CAP.
605 223 631 277 9.
644 225 689 277 to.
708 222 744 289 [a.
757 221 789 276 C.
803 221 864 290 182]
1024 215 1067 282 61

79 386 148 447 quo
165 373 344 445 querentem
353 365 458 426 undis.
484 364 558 425 nihil
572 379 640 441 ego,
653 372 810 442 umquam
824 375 994 442 accusator,
1010 367 1067 428 cri·

79 453 206 514 minose
219 465 278 512 neo
292 449 386 511 dubio
399 449 584 525 argumentis
600 450 772 526 colligendo
783 467 854 526 ugo.
877 453 952 527 quid
965 451 1070 512 enirn?

82 542 178 612 negot
198 549 234 595 se
253 547 323 595 cum
342 533 531 595 multitudine
550 533 676 596 venisse
696 535 736 594 od
755 534 877 596 ianuam
893 551 1006 610 meam,
1025 550 1066 596 cn

82 623 167 683 reno
178 618 356 680 succinctos
371 630 478 678 secum
488 617 607 678 inisset
621 633 700 694 quos
708 619 919 694 omnimodo,
931 633 1067 681 arcesse.

81 711 221 780 possunt
238 700 366 778 quidum
386 698 491 761 omnia
510 701 626 762 cudero
649 701 702 777 qui
722 701 783 763 hoe
800 701 870 764 aursi
890 709 977 764 sunt=
1005 717 1067 764 non

81 799 187 849 tomen
197 785 356 847 audebunt
366 798 490 860 negare.
512 785 540 845 si
554 783 767 861 deprehensos
778 784 957 846 intruiimen
968 802 1068 848 meum

81 885 155 932 oum
175 869 258 930 remo
273 868 313 929 ud
326 874 357 928 te
372 868 571 941 deducerem,
592 883 658 930 rem
669 883 729 944 pro
739 869 905 932 manifesto
920 869 1068 932 hebereos

81 957 215 1016 intentes
236 967 294 1029 pro
314 951 516 1028 deprehensis
536 950 625 1014 habe.
651 952 691 1014 X.
709 969 876 1015 exsecrere
890 969 970 1015 nunc
985 953 1069 1030 cupi-

82 1039 211 1098 ditntem
220 1033 321 1113 regni,
336 1042 367 1096 et
380 1035 474 1096 nnius
489 1037 637 1097 truternus
649 1037 783 1100 concite.
802 1039 862 1100 sed
877 1053 915 1099 ne
927 1039 989 1100 sint
999 1053 1068 1098 ceo-

82 1137 151 1195 cce,
165 1125 269 1197 puter,
291 1119 520 1182 exsecrationes
535 1126 621 1195 tues,
637 1119 793 1195 discerne,
805 1121 930 1200 dispice
944 1121 1069 1184 insidio-

81 1216 184 1268 torem
209 1211 245 1266 et
269 1203 395 1280 petitum
420 1201 555 1264 insidiis:
587 1203 714 1266 noxium
739 1205 864 1267 incesse
886 1214 988 1282 ceput.
1017 1205 1070 1280 qui

83 1289 247 1351 occisurus
263 1289 386 1349 irutrem
396 1285 465 1360 tntu,
480 1285 593 1348 habeut
606 1289 695 1348 etium
710 1289 805 1350 notos
815 1296 963 1365 paternos
974 1289 1068 1350 deoo=

84 1372 139 1447 qui
152 1371 307 1450 periturus
322 1369 454 1432 irotmno
468 1371 587 1432 scetere
601 1371 665 1446 tuit,
679 1372 854 1447 perfugium
865 1373 894 1432 in
906 1372 1003 1448 potuis
1013 1371 1069 1432 mi·

12 1529 14 1532 ,
83 1455 255 1517 sericordiu
265 1454 423 1515 euidentia
433 1453 554 1514 nobum.
578 1469 640 1530 qno
653 1454 733 1515 enim
746 1455 807 1517 ulio
821 1456 1004 1532 coniugium
1020 1454 1070 1516 cui

12 1555 14 1610 5
84 1555 148 1601 oon
158 1539 310 1601 sollemne
319 1537 449 1599 instruis
460 1537 614 1599 exercitus
626 1538 679 1614 tui,
694 1553 757 1600 non
769 1539 921 1602 decursus
929 1538 1069 1613 militium,

12 1649 13 1652 ¹
84 1639 148 1686 non
164 1623 285 1696 domus,
301 1635 363 1682 non
373 1623 496 1698 sputos,
511 1637 573 1684 non
588 1637 652 1683 nox
664 1623 705 1683 od
717 1622 932 1699 quietantiam
943 1631 1070 1684 numme

84 1706 236 1769 uenenum
250 1705 428 1768 mortuiibus
442 1711 506 1767 tuto
519 1712 589 1767 estt
609 1707 636 1766 si
649 1705 715 1768 iero
726 1707 768 1767 ud
781 1707 905 1768 irotrom
916 1706 1069 1780 invitatus,

84 1790 276 1854 moriendum
291 1797 354 1859 esu
376 1790 404 1850 si
418 1803 566 1866 recepero
580 1789 659 1851 intre
672 1791 794 1852 munem
811 1791 991 1853 comisatum
1008 1792 1070 1850 im-

84 1883 179 1949 uem,
199 1873 392 1935 moriendum
413 1881 475 1935 estc
499 1887 562 1934 noo
581 1875 758 1936 eundonee
773 1875 925 1936 monendo
940 1873 1069 1936 insidias

85 1959 178 2020 evito.
201 1972 327 2035 quomo
342 1958 521 2020 conieromt
537 1956 615 2018 nihil
627 1964 750 2035 praeter
762 1958 857 2034 deos,
876 1967 979 2035 puter,
995 1965 1026 2020 et
1036 1963 1070 2020 te

84 2042 177 2105 coiui.
204 2055 267 2102 non
280 2043 437 2104 Romanos
457 2041 557 2102 habeo
579 2042 619 2102 ad
638 2057 719 2120 quos
737 2044 926 2119 coniugium
947 2043 1070 2118 perisse

81 2133 248 2202 expetunt,
271 2127 344 2202 quio
357 2127 418 2187 tuis
430 2124 550 2186 iniuriis
566 2127 674 2200 doleo,
691 2126 763 2202 qnia
782 2127 837 2186 tibi
852 2127 1011 2202 ademptus
1025 2132 1071 2186 tot

86 2210 194 2286 umes,
215 2215 260 2271 tot
270 2217 389 2285 gentes,
407 2210 500 2271 modo
512 2209 662 2270 Threciae
674 2208 854 2270 maritimum
870 2224 970 2282 cmm,
991 2208 1068 2268 indi·

83 2309 172 2369 gnon.
198 2307 258 2354 nec
272 2307 322 2354 me
335 2308 393 2354 nec
402 2299 437 2354 te
450 2292 595 2354 incolumi
608 2292 820 2354 Macedonium
835 2308 923 2353 suum
938 2293 1070 2352 tumrom

85 2383 221 2454 sperant.
246 2376 273 2439 si
284 2391 337 2438 me
348 2379 451 2438 scetus
460 2378 573 2454 notris,
588 2384 619 2439 te
629 2385 774 2440 senectus
782 2377 1002 2453 absumpserit,
1017 2381 1071 2436 eut

84 2477 125 2521 ne
138 2477 178 2523 eu
193 2461 317 2536 quidem
328 2468 512 2537 exspectato
525 2461 631 2537 tuerit,
646 2477 749 2538 negem
762 2476 953 2537 regnumque
967 2459 1069 2519 Moue-

86 2545 198 2606 donioe
218 2560 278 2607 suo
297 2546 399 2606 nutum
418 2546 528 2606 sciunt.
560 2545 586 2606 si
602 2544 677 2622 quid
690 2552 776 2607 extra
790 2544 1002 2607 Macedoniam
1014 2542 1069 2604 tibi

85 2628 216 2690 Romani
233 2628 447 2705 reliquissent,
467 2627 540 2689 mihi
562 2645 688 2706 quoque
701 2629 733 2690 id
752 2629 891 2691 relictum
912 2627 1070 2689 crederem

83 2713 325 2788 receptaculum.
352 2720 383 2774 ct
397 2712 427 2772 in
441 2711 663 2773 Macedonibus
685 2712 761 2774 sotis
782 2711 929 2788 praesidii
944 2718 1000 2772 est.
1023 2711 1068 2771 vi-

85 2795 159 2858 disti
169 2795 317 2859 ‘hesterno
332 2797 383 2857 die
396 2797 542 2872 impetum
554 2796 586 2856 in
600 2811 649 2856 me
661 2795 795 2857 miiitum.
819 2795 891 2872 quid
903 2793 962 2854 iilis
974 2793 1070 2854 detuit

85 2880 145 2941 nisi
167 2880 301 2941 ferrum?
324 2880 413 2956 quod
431 2878 492 2941 illis
513 2879 610 2940 detuit
627 2879 775 2952 interdiu,
798 2878 947 2940 convivae
967 2876 1068 2937 fratris

83 2969 180 3026 noctu
194 2965 439 3040 adsumpserunt.
468 2963 597 3040 quidde
610 2978 722 3040 magno
735 2969 821 3040 porte
837 2962 1008 3039 principum
1023 2959 1068 3021 io

87 3063 180 3123 quur,
202 3048 254 3124 qui
274 3047 466 3109 in'Ronronis
481 3061 569 3126 spem
580 3061 704 3109 'omnem
714 3046 870 3123 diguitatis
883 3053 915 3108 et
928 3047 1069 3107 formose

86 3137 265 3208 posuerunt
279 3139 312 3194 et
325 3132 356 3192 in
371 3147 409 3194 eo
424 3130 478 3208 qui
492 3131 594 3194 omnio
608 3131 691 3208 opud
702 3132 858 3193 Romanos
871 3135 995 3207 potesto
1015 3144 1068 3190 ne·

88 3231 149 3291 que
169 3214 294 3276 hercule
315 3217 405 3278 istum
425 3215 497 3276 mihi
517 3223 634 3278 tontum
650 3215 733 3277 tratri
748 3213 870 3285 maiori,
897 3215 952 3275 sed
968 3227 1068 3290 prope

85 3306 183 3360 estut
196 3297 249 3360 tibi
264 3303 389 3376 quoque
404 3299 471 3375 ipsi,
485 3297 552 3375 regi
567 3305 597 3361 et
607 3297 696 3374 puni,
711 3299 892 3375 prosteruunt.
914 3296 973 3359 iste
987 3296 1067 3356 enim

86 3389 143 3458 est,
161 3383 249 3446 cuius
264 3381 416 3444 beneficio
431 3397 563 3459 poenum
577 3383 631 3446 tibi
641 3390 769 3444 senatus
782 3381 907 3453 remisit,
923 3380 1068 3456 quinunc

85 3475 117 3526 te
132 3466 171 3528 ob
189 3467 280 3530 onmis
295 3467 442 3529 Romanis
456 3467 604 3542 protegit,
626 3467 678 3544 qui
692 3472 774 3528 tuum
788 3471 975 3528 senectutem
990 3461 1066 3524 obli·
