2598 3956
344 226 459 288 LIBER
470 225 557 288 ltili.
579 227 661 289 chr.
672 235 716 290 nt.
728 238 771 292 2⁵.
795 235 832 302 [a.
845 236 877 288 c.
892 237 951 304 lli]
1080 231 1141 296 149

163 384 212 445 ius
226 381 341 459 gratiae
355 398 415 443 non
435 382 519 443 dare.
541 397 657 457 agrum,
673 398 734 458 qua
749 382 898 458 cuiusque
913 382 962 458 sit
985 387 1139 462 possideri

164 468 256 542 velte,
276 481 335 528 nec
350 482 448 528 novos
464 473 598 528 statuere
612 465 707 540 fiaes,
729 465 788 526 sed
800 474 922 527 veteres
937 468 1095 529 observari
1111 471 1141 530 in

163 549 264 612 auimo
284 549 408 610 habere.
442 548 743 628 cardraginiensibus
764 549 851 612 victis
879 566 914 611 se
935 559 966 613 et
985 553 1091 614 urbem
1112 561 1143 616 et

161 649 254 710 agros
268 634 553 707 concessissa'non
568 639 602 694 ut
615 631 645 692 in
662 648 738 709 pace
753 634 906 710 eriperent
921 651 977 710 per
991 635 1141 713 iniuriam,

78 756 82 764 -
162 733 242 794 qaae
256 716 323 798 iure
336 716 408 778 belli
424 732 487 779 non
503 714 700 778 ademissent
723 717 900 793 itaregulus
913 717 1141 796 Carthaginien·

162 815 277 877 sesque
288 800 416 862 dimissi.
439 817 565 862 munera
575 815 615 862 ex
625 799 761 862 instituto
774 801 845 862 data
857 802 1004 880 atrisque,
1020 805 1141 881 aliaque

160 883 323 961 hospitalia
338 884 464 946 comiter
478 891 670 962 conservata.

244 967 337 1030 XXV.
360 967 425 1031 Sub
447 968 528 1030 idem
554 975 676 1044 tempus
700 969 751 1029 Cn.
773 967 920 1030 Servilius
943 969 1057 1046 Caepio
1078 976 1138 1047 Ap.

162 1051 307 1114 claudius
329 1052 425 1114 Cento
443 1052 476 1112 T.
497 1052 617 1113 Annius
636 1052 757 1114 Luscus
772 1052 863 1128 legati
878 1054 983 1114 adres
998 1063 1139 1131 repeten-

161 1137 220 1198 das
235 1135 266 1197 in
276 1135 489 1199 Macedoniam
499 1136 794 1213 renuntiandamque
805 1137 966 1198 amicitiam
977 1141 1042 1214 regi
1053 1140 1138 1203 missi

158 1219 330 1290 redierunt;
353 1221 407 1304 qui
425 1219 484 1280 iam
505 1237 563 1280 sua
584 1228 694 1296 sponte
715 1219 859 1282 infestum
879 1219 985 1282 Persei
1000 1230 1139 1285 senatum

159 1303 286 1380 insuper
296 1306 502 1365 accenderant
512 1304 616 1364 relatis
629 1303 736 1364 ordine
748 1319 829 1380 quae
836 1304 986 1366 vidissent
997 1322 1139 1382 quaeque

160 1387 326 1449 audissent.
350 1387 468 1448 vidisse
482 1403 517 1448 se
532 1403 589 1464 per
608 1403 715 1447 onrnes
731 1387 823 1448 urbes
837 1387 1041 1462 Macedonum
1056 1407 1137 1450 sum·

159 1486 210 1531 ma
228 1473 257 1530 vi
278 1471 379 1547 parari
401 1471 522 1531 bellurn.
557 1486 625 1532 cum
646 1471 686 1530 ad
706 1485 810 1546 regern
831 1472 1059 1548 pervenissent,
1083 1489 1139 1550 per

159 1557 271 1615 multos
296 1555 364 1616 ‹lles
388 1555 592 1615 conveniendi
622 1554 690 1615 eius
717 1560 899 1631 potestatem
924 1573 985 1616 non
1011 1557 1137 1618 tactoma

158 1646 316 1714 postremo
339 1654 409 1700 cunt
429 1639 594 1714 desperato
614 1637 673 1698 iam
697 1639 851 1714 colloquio
872 1641 1000 1714 proiecti
1023 1650 1137 1716 essent,

157 1727 219 1799 turp
234 1721 356 1783 demum
370 1737 405 1782 se
420 1737 459 1782 ex
474 1721 582 1784 itinere
595 1731 758 1785 revocatas
770 1731 800 1784 et
814 1723 853 1782 ad
865 1738 935 1784 eum
945 1724 1136 1787 introductos

157 1821 239 1868 esse.
261 1822 337 1868 suae
352 1805 499 1867 orationis
515 1822 662 1868 summam
678 1805 775 1868 luisse
791 1808 902 1869 loedus
913 1824 982 1868 eum
994 1808 1136 1887 Philippa

156 1889 257 1965 ictum,
273 1907 342 1952 curn
356 1890 426 1967 ipso
439 1905 477 1952 eo
493 1899 565 1966 past
579 1897 706 1952 mortem
719 1892 813 1966 patris
825 1899 1014 1966 renovatam,
1028 1893 1059 1952 in
1074 1908 1134 1968 quo

157 1973 271 2035 diserte
284 1972 440 2050 prohiberi
455 1990 525 2036 eum
539 1982 625 2036 extra
639 1975 718 2036 fines
734 1991 818 2037 arma
833 1974 958 2048 efferre,
982 1977 1135 2051 prohiberi

156 2057 261 2119 socios
282 2058 390 2134 populi
410 2058 539 2119 Romani
559 2059 715 2138 lacessere
735 2059 826 2120 bello.
859 2057 1002 2136 exposita
1022 2061 1135 2123 deinde

157 2139 195 2201 ab
214 2157 249 2202 se
271 2142 378 2202 ordine
400 2158 481 2216 quae
503 2142 562 2218 ipsi
583 2158 683 2218 nuper
701 2143 730 2202 in
752 2149 862 2204 senatu
881 2144 1039 2205 Eumenen
1060 2162 1135 2205 vera

154 2225 257 2286 omnia
278 2233 309 2288 et
329 2233 486 2301 comperta
506 2227 687 2288 referentem
714 2227 882 2286 audissent.
916 2225 1134 2289 Samothracae

155 2314 313 2384 praeterea
333 2326 390 2387 per
409 2309 521 2372 multos
542 2309 609 2371 dies
624 2310 777 2371 occultam
790 2310 952 2373 consilium
967 2327 1036 2372 cam
1052 2312 1133 2386 lega·

155 2392 288 2456 tionibus
303 2391 466 2456 civitatiam
481 2391 577 2456 Asiae
591 2409 696 2470 regem
709 2394 866 2456 habuisse.
888 2396 1003 2472 probis
1016 2393 1134 2456 iniuriis

155 2475 299 2540 satisfieri
313 2484 454 2539 senatum
469 2494 601 2554 aequum
617 2494 760 2554 censere,
776 2478 928 2555 reddique
943 2479 1001 2540 sibi
1015 2495 1066 2540 res
1082 2495 1131 2540 so·

154 2561 271 2639 ciisque
285 2559 367 2635 suis,
393 2577 471 2636 quas
493 2564 661 2624 contraius
677 2561 811 2624 tacueris
826 2563 946 2625 habeat.
973 2579 1077 2639 regem
1093 2565 1133 2624 ad

154 2660 191 2706 ea
211 2646 309 2721 primo
329 2661 495 2708 accensum
521 2648 566 2707 ira
586 2646 782 2709 inclementer
801 2649 950 2722 locutam,
975 2647 1132 2708 avaritiam

153 2727 391 2806 superbiamque
405 2731 552 2792 Romanis
568 2731 749 2793 obicientem
765 2733 954 2806 frequenter,
982 2732 1066 2806 quod
1082 2732 1131 2792 alii

152 2828 248 2889 super
261 2815 339 2875 alios
353 2815 444 2890 legati
461 2814 598 2876 venirent
611 2817 802 2889 speculatum
817 2814 899 2874 dicta
910 2813 1053 2889 laetaque
1064 2829 1130 2888 sua,

152 2898 236 2972 quod
258 2915 293 2959 se
313 2899 354 2959 ad
374 2906 477 2961 nutum
499 2899 722 2974 imperiumque
735 2913 841 2958 eorum
857 2896 958 2958 omnia
978 2897 1131 2959 dicerene

151 2981 253 3042 lacere
268 2995 400 3059 aequum
415 2990 593 3053 censerentr
614 2991 772 3059 postremo
786 2982 913 3043 maltum
929 2997 965 3042 ac
980 2981 1032 3042 dia
1048 2982 1130 3043 voci·

151 3063 280 3127 taratara
293 3068 405 3129 reverti
418 3075 544 3148 postero
560 3068 610 3128 die
624 3066 770 3128 iussisset
788 3065 934 3143 scriptum
948 3081 984 3126 se
998 3081 1129 3142 respon·

151 3162 218 3208 sunt
234 3151 309 3211 dare
323 3152 412 3211 velle.
433 3158 496 3212 turn
510 3152 551 3212 ita
566 3151 623 3212 sibi
639 3151 787 3227 scripturn
798 3150 941 3212 traditam
953 3167 1041 3212 esse:
1065 3152 1129 3210 loe·

149 3229 209 3293 dus
224 3249 293 3295 cum
308 3242 394 3311 patre
409 3235 502 3296 ictum
518 3236 557 3297 ad
573 3251 608 3297 se
622 3235 695 3295 nihil
708 3235 875 3312 pertinere;
897 3235 929 3295 id
942 3251 977 3296 se
987 3233 1129 3295 renovari

148 3331 211 3376 non
231 3318 304 3395 quia
324 3320 483 3396 probaret,
504 3320 562 3381 sed
582 3321 654 3396 quia
674 3319 703 3380 in
723 3335 806 3380 nova
825 3319 1028 3395 possessione
1041 3315 1128 3390 regni

146 3401 294 3475 patienda
309 3402 411 3464 omnia
425 3410 545 3479 essent,
567 3419 703 3480 passum.
723 3418 838 3463 novum
854 3403 963 3462 foedus
979 3399 1006 3461 si
1021 3413 1127 3460 seeum

148 3483 251 3546 tacere
264 3488 391 3576 vellent,
414 3486 579 3548 convenire
594 3488 679 3563 prius
695 3486 734 3547 de
749 3482 980 3548 condicionibus
996 3482 1125 3552 debere;
