2598 3956
188 222 248 288 llffl
354 222 471 284 LIBER
484 221 573 284 xttt.
597 222 680 283 CAP.
692 229 736 284 23.
747 229 790 284 24.
814 227 851 294 [a.
865 227 899 283 U.
911 245 935 280 c.
947 227 1010 294 e‘lol

186 381 248 439 lum
264 391 382 452 gerere.
405 375 463 436 sed
482 377 541 435 iam
564 375 642 434 ultra
662 375 837 450 superbiam
852 373 1125 452 crudelitatemque
1140 385 1170 436 et

185 459 343 523 avaritiam
368 459 435 519 eius
460 474 521 518 non
544 459 608 534 pati
630 473 726 533 posse
748 457 1025 536 Carthaginienses.
1054 459 1170 521 missos

95 575 96 580 κ
185 560 259 606 esse
275 541 328 620 qui
343 551 465 604 orarent
479 549 628 616 senatum,
644 548 676 602 ut
691 541 780 602 trium
794 540 901 602 harum
912 557 1015 602 rerum
1025 557 1118 604 unam
1130 543 1170 603 ab

186 645 221 690 se
236 626 391 702 impetrari
414 627 565 687 sinerent:
587 632 621 687 ut
640 627 690 686 vel
711 641 750 685 ex
765 641 866 700 aequo
882 626 965 701 apud
979 627 1097 687 socium
1114 643 1169 703 po·-

184 713 299 789 pulum,
313 711 386 787 quid
398 711 548 786 cuiusque
559 717 652 786 esset,
664 710 886 786 disceptarent3
902 709 956 770 vel
964 709 1171 784 permitterent

90 811 93 819 ·
187 793 489 871 Carthaginiensibus
511 793 544 854 ut
563 793 715 855 adversus
729 791 843 854 inlusta
859 807 943 854 arma
957 792 1009 869 pio
1025 793 1171 870 iustoque

187 896 222 941 se
236 885 405 940 luctarentur
419 878 518 948 bello;
540 879 589 938 vel
601 878 639 937 ad
652 885 832 950 extremum,
849 877 875 936 sl
886 875 985 953 gratia
995 878 1067 953 plus
1079 893 1171 954 quam

185 964 300 1024 veritas
315 962 400 1038 apud
415 977 471 1024 eos
486 963 612 1035 valeret,
628 963 723 1021 semel
739 968 916 1033 statuerent,
933 960 1009 1036 quid
1024 962 1171 1023 donatum

186 1047 337 1108 exellenc
348 1044 534 1106 Masinissae
545 1045 667 1106 vellent.
686 1044 856 1106 modestius
868 1051 951 1105 certe
962 1044 1167 1116 daturoseos,

186 1138 218 1191 et
231 1131 379 1202 scituros,
408 1129 483 1205 quid
498 1130 673 1190 dedissent=
702 1128 805 1205 ipsum
825 1129 941 1189 nullum
957 1135 1171 1204 praeterquam

187 1229 264 1276 suae
278 1212 414 1274 libidinis
429 1213 552 1274 arbitrio
568 1213 660 1273 linem
675 1214 833 1274 facturum.
857 1213 966 1273 horum
980 1212 1007 1274 si
1028 1212 1101 1274 nihil
1116 1213 1171 1273 im-

188 1305 352 1375 petrarent,
375 1303 406 1358 el
420 1297 545 1373 aliquod
562 1313 649 1358 suunt
665 1304 739 1374 post
755 1297 857 1358 damni
873 1313 891 1356 a
905 1293 937 1356 Ρ.
955 1295 1100 1374 Scipione
1115 1313 1170 1372 pa·

189 1398 255 1458 cem
276 1381 419 1443 delictum
440 1387 539 1455 esset,
564 1381 625 1458 ipsi
646 1381 748 1456 potius
770 1379 1046 1443 animadverterent
1066 1382 1097 1443 in
1124 1396 1169 1440 se.

187 1473 281 1528 tutam
296 1464 475 1526 servitutem
490 1481 525 1526 se
541 1465 598 1526 sub
621 1465 752 1525 dominis
767 1465 914 1526 Romanis
936 1482 1027 1542 quam
1047 1465 1169 1527 liberta·

188 1559 248 1612 tem
263 1549 436 1625 expositam
451 1549 490 1608 ad
506 1549 631 1610 iniurias
645 1549 830 1610 Masinissae
845 1549 950 1609 malle:
972 1550 1073 1626 perire
1085 1563 1170 1609 nam·

189 1650 250 1709 que
264 1633 359 1694 semel
374 1632 452 1707 ipsis
468 1632 565 1692 satius
581 1647 661 1707 esse,
684 1648 777 1709 quam
791 1633 851 1694 sub
866 1630 1057 1694 acerbissimi
1072 1632 1171 1704 carni·

187 1716 255 1778 ficis
270 1714 394 1777 arbitrio
411 1714 551 1791 spiritum
565 1717 687 1777 ducere.
710 1716 768 1777 sub
789 1716 866 1778 haec
882 1717 964 1778 dicta
977 1717 1170 1778 lacrimantes

190 1801 432 1878 procubuerunt,
454 1801 602 1876 stratique
617 1800 715 1874 humi,
737 1817 798 1862 non
813 1800 871 1860 sibi
886 1801 983 1876 magis
998 1800 1168 1862 misericor-

189 1886 332 1960 diamque
346 1882 390 1944 **.
433 1883 539 1944 XXIV.
562 1885 742 1960 interrogari
765 1885 929 1948 Gulussam
943 1885 1072 1961 placuit,
1096 1884 1170 1960 quid

189 1969 229 2029 ad
243 1984 281 2029 ea
293 1967 504 2043 responderet,
520 1975 573 2031 aut
586 1967 613 2030 si
627 1969 713 2045 prius
728 1969 838 2043 mallet,
853 1977 1055 2045 expromeret,
1076 1982 1171 2044 super

190 2070 252 2128 qua
269 2068 305 2113 re
324 2053 452 2113 Romam
474 2053 618 2114 venisset.
647 2053 780 2114 Gulussa
799 2067 901 2129 neque
921 2052 979 2114 sibi
994 2050 1083 2113 lacile
1096 2067 1169 2112 esse

189 2137 265 2197 dixit
279 2137 318 2197 de
333 2135 370 2197 iis
384 2136 478 2198 rebus
494 2151 602 2213 agere,
625 2136 664 2197 de
686 2137 798 2214 quibus
814 2137 886 2198 nihil
901 2136 1035 2198 mandati
1050 2152 1069 2196 a
1083 2142 1170 2212 patre

188 2219 331 2294 haberet,
354 2237 455 2298 neque
469 2221 548 2298 patri
563 2221 652 2283 iacile
667 2221 765 2284 luisse
779 2221 940 2294 mandare,
964 2236 1032 2281 eum
1047 2219 1168 2282 Cartha-

188 2305 345 2379 ginienses
367 2322 424 2366 nee
445 2307 484 2366 de
506 2322 567 2381 qua
581 2321 616 2364 re
630 2307 727 2367 acturi
741 2312 847 2367 essent
860 2321 918 2366 nec
934 2303 1057 2367 omnino
1072 2303 1170 2366 ituros

188 2403 225 2450 se
238 2389 368 2450 Romam
382 2387 592 2451 indicaverint.
615 2390 646 2449 in
660 2391 739 2449 aede
753 2389 933 2466 Aesculapii
948 2388 1170 2451 clandestinum

189 2489 244 2532 eos
258 2488 314 2547 per
324 2470 442 2548 aliquot
453 2479 560 2533 noctes
573 2472 733 2534 eonsilium
741 2473 912 2550 principum
920 2472 1075 2548 habuisse,
1087 2471 1170 2533 unde

188 2553 223 2594 **
235 2562 395 2631 praeterea
409 2556 527 2631 legatos
544 2555 672 2617 occultis
688 2572 757 2618 cum
771 2557 923 2619 mandatis
937 2557 1067 2619 Romam
1082 2557 1166 2618 mitti.

189 2655 256 2700 eam
278 2655 404 2700 eausam
425 2639 522 2702 luisse
537 2637 615 2717 patri
630 2639 767 2702 mittendi
781 2657 817 2702 se
830 2643 968 2716 Romam,
991 2640 1043 2717 qui
1059 2641 1169 2717 depre-

188 2730 309 2786 caretur
323 2734 473 2800 senatum,
495 2739 533 2784 ne
550 2724 623 2800 quid
638 2726 850 2787 communibus
865 2725 993 2786 inimicis
1009 2723 1170 2786 criminan-

188 2807 270 2870 tibus
291 2824 327 2870 se
349 2809 523 2884 crederent,
554 2809 706 2886 quemob
726 2809 839 2871 nullam
860 2810 948 2870 aliam
970 2824 1095 2871 causam
1111 2809 1170 2870 nisi

190 2900 317 2968 propter
331 2900 520 2956 constantem
541 2893 634 2954 fldem
649 2910 723 2970 erga
739 2895 887 2970 populum
900 2893 1071 2956 Romanum
1087 2893 1169 2954 odis·

190 2983 266 3037 sent.
293 2975 341 3036 his
362 2977 515 3055 utrimque
535 2977 646 3038 auditis
667 2985 793 3040 senatus
815 2977 854 3038 de
870 2977 1031 3054 postulatis
1047 2977 1169 3038 cartha·

189 3058 371 3132 giniensium
385 3063 544 3122 consultus
558 3062 750 3136 respondere
762 3063 803 3124 ita
813 3062 911 3137 iussit,
929 3063 1092 3124 Gulussam
1105 3063 1168 3138 pla·

190 3157 261 3202 cere
282 3145 434 3220 extemplo
455 3145 486 3204 in
507 3144 677 3205 Numidiam
699 3145 853 3221 proticisci
874 3153 905 3207 et
925 3146 1065 3208 nuntiare
1079 3148 1167 3222 patri,

189 3232 222 3287 ut
247 3225 286 3287 de
312 3225 349 3287 iis
376 3227 416 3288 de
438 3228 549 3305 quibus
571 3228 838 3304 carthaginienses
861 3236 1027 3307 querantur
1050 3231 1168 3306 legatos

191 3327 282 3386 quarn
303 3311 433 3388 primum
453 3313 496 3378 ad,
513 3318 652 3374 senatum
669 3313 778 3390 mittat,
804 3313 1024 3390 denuntietque
1045 3312 1168 3374 Cartha-

189 3395 393 3472 giniensibuS,
417 3403 448 3458 ut
461 3396 501 3457 ad
516 3395 751 3472 disceptandum
768 3397 897 3460 veniant.
921 3399 947 3460 si
962 3396 1078 3474 aliquid
1094 3410 1167 3471 pos·

191 3486 259 3540 sent
270 3479 452 3542 Masinissae
463 3479 590 3544 honoris
602 3497 706 3556 causa,
723 3489 753 3543 et
765 3481 877 3544 secisse
889 3489 919 3544 et
930 3485 1065 3544 facturos
1078 3491 1150 3542 esse
