2592 3964
185 268 227 311 xx
579 247 773 302 rnaurarro.

184 406 225 454 cui
244 404 269 453 lu
288 403 366 453 Lectt.
385 402 458 452 Livv.
476 403 508 453 ll.
527 416 550 466 p.
571 401 586 452 1
605 417 654 467 sq.‚
673 403 706 453 cl.
725 403 803 453 Tacit.
821 403 885 453 Hist.
906 403 930 468 1,
950 400 990 454 79.
1010 401 1035 468 2,
1054 400 1096 453 40.
1115 411 1168 452 tum

185 469 335 535 „tosrente“
359 486 406 536 pro
429 477 563 521 torrentem
585 472 667 522 Periz.
691 474 842 538 „requt'eto“
866 487 912 536 pro
938 476 1020 537 quieto
1038 471 1113 522 (iron.
1132 471 1168 520 le·

185 543 297 608 gendum
315 540 387 590 vidit.
406 548 460 588 tum
479 541 574 604 „curun
591 541 698 590 aleertt‘
719 541 769 601 od,
787 555 835 591 uon
854 556 870 589 a
888 538 964 606 Gryn.
983 540 1098 591 additum
1117 539 1167 589 lor-

185 623 253 660 tasse
271 618 328 658 aute
344 608 505 672 fortissimam
519 609 622 659 excidit.
641 610 674 658 ib.
684 610 931 672 reparaveruntcd„
948 617 1169 673 praeparauerant

185 679 344 746 Nipperdey,
368 678 400 746 el.
418 677 509 730 Philol.
528 679 546 728 l.
565 692 592 742 p.
612 675 673 730 669.
702 678 729 729 G.
746 676 790 731 39.
809 686 858 743 „ut
875 676 941 743 quu“
962 693 1012 728 ucu
1030 679 1168 728 sollicitau-

186 749 247 798 durn
266 762 322 797 esse
340 761 391 796 nou
409 746 493 797 scium
511 748 566 797 Liv.
585 743 629 809 40,
649 746 691 812 13,
710 745 728 798 4
746 749 849 806 indicat,
868 747 1007 796 sedetiam
1025 744 1051 808 4,
1070 743 1167 806 4215,

185 817 220 867 cl.
244 816 348 882 Madvig
358 817 392 868 ad
403 817 521 869 Cicl'iu.
533 830 559 881 p.
571 814 644 878 250,
663 815 699 869 ib.
711 815 752 868 cd.
774 824 863 877 „noete
881 815 1026 866 obmtndtem
1044 823 1083 866 est
1099 815 1169 865 nobis

184 893 285 949 optutus
308 901 412 950 quorum
434 887 541 936 emtra“
566 884 664 947 reliqua
687 883 766 951 Gryu.
791 884 898 936 addidit.
927 883 953 936 G.
972 883 1016 937 lo.
1036 899 1169 949 ..pittinara

184 957 281 1018 placuit
296 955 372 1019 repl“
396 955 524 1004 excidisse
542 954 673 1016 probabile
691 961 746 1014 est;
771 955 860 1004 eadem
878 953 919 1002 Kr.
939 953 998 1003 addi
1016 953 1095 1002 iubet.
1114 960 1169 1002 tum

184 1039 216 1074 ne
233 1031 271 1074 tot
287 1023 338 1082 cd,
355 1031 444 1073 neutro
462 1021 539 1088 Gryn.
558 1022 591 1073 ib.
611 1023 717 1086 „uona“
736 1021 811 1073 Gron.
832 1023 871 1072 od.
891 1029 992 1087 quarto.
1018 1021 1052 1071 ib.
1072 1036 1170 1087 „pauses

185 1094 275 1142 tenus“
294 1093 349 1154 cd.;
370 1091 438 1157 vulg.
459 1106 543 1157 ,pena
557 1094 647 1142 teuue“
667 1091 735 1155 quod
752 1091 861 1143 fortasse
875 1098 994 1155 praestat.
1014 1090 1049 1142 ib.
1069 1095 1169 1153 „ripam

184 1161 315 1210 tradentes
332 1163 433 1211 oltero“
458 1161 497 1211 ed.
522 1167 547 1209 et
564 1161 726 1225 participium
744 1161 771 1210 in
789 1161 831 1212 od.
851 1160 969 1225 obvium,
994 1166 1017 1208 et
1035 1158 1084 1208 lcoi
1101 1166 1169 1209 stru·

186 1237 257 1279 otura
268 1230 413 1292 impeditior
421 1227 543 1279 nonnulla
552 1228 710 1279 intercidisse
720 1229 838 1281 videntur
854 1228 975 1280 indicare.
996 1227 1022 1277 G.
1032 1225 1075 1278 41.
1093 1244 1169 1294 „uum

184 1300 264 1348 aieut“
284 1297 338 1348 rell.
355 1313 405 1348 non
424 1299 479 1347 siue
489 1311 566 1347 causa
576 1297 758 1363 displicuerunt
768 1296 908 1350 Crevierio:
927 1304 1170 1362 potesttamennom

185 1374 233 1416 eto.
254 1367 287 1416 sd
303 1367 360 1417 diae
377 1367 474 1427 relerri,
494 1381 647 1430 quamquam
664 1381 697 1416 ne
714 1369 742 1416 iu
760 1367 925 1430 sequentibus
943 1365 1045 1429 quidem
1061 1366 1126 1416 inter
1140 1380 1169 1414 se

185 1437 338 1486 conveniunt
355 1451 441 1486 nomeu
458 1443 551 1486 tuutron
568 1435 787 1499 etetepluutouaa
794 1439 913 1499 armenon.
934 1435 969 1485 ib.
981 1435 1168 1499 upoutaruolui

185 1513 292 1570 mutare,
311 1514 419 1569 possunt
437 1519 467 1554 ea
485 1505 593 1568 intelligi
611 1520 677 1566 quaa
695 1504 812 1554 homines
830 1504 966 1554 commenti
984 1511 1053 1553 sunt.
1078 1503 1104 1554 0.
1123 1501 1168 1555 tt.

184 1581 297 1624 enatemus
315 1573 355 1625 cd.
374 1587 438 1638 „eos
457 1573 550 1638 corpu
571 1573 647 1623 Grou.
667 1574 702 1627 ib.
724 1573 904 1634 „conueniebat
920 1572 1058 1623 Romanis“
1077 1573 1115 1622 cd
1135 1586 1169 1620 au

184 1643 232 1692 luit
251 1643 351 1706 ‚facile
375 1641 486 1692 conuenit
506 1641 538 1692 od
562 1641 725 1692 Romuuis“?
752 1640 779 1693 G.
797 1639 840 1696 43.
864 1641 1052 1705 difficultatibus
1074 1641 1130 1692 uide
1146 1655 1169 1688 te

184 1719 291 1761 uacuus
313 1713 339 1761 in
361 1711 457 1775 rupium
479 1718 518 1760 eet
541 1725 558 1759 a
579 1724 671 1772 perseo
695 1715 739 1776 qul
756 1713 844 1775 pellae
858 1718 1002 1774 praeerant
1019 1719 1169 1774 coactusque

184 1781 241 1844 rept'
254 1781 346 1842 pueri“
365 1779 405 1829 od.
423 1779 511 1828 addidi
530 1781 696 1843 „inpressue“
717 1788 741 1830 et
759 1783 829 1846 ,‚ue“
849 1794 895 1844 pro
906 1781 1015 1844 aposito
1027 1785 1169 1842 praeerunt

184 1849 297 1900 Eulaeus
321 1848 463 1913 ductusque
487 1855 511 1897 et
535 1849 618 1912 reptt‘
641 1849 748 1914 scripsi3
773 1849 807 1899 cl.
832 1849 912 1899 Lectt.
936 1845 1010 1899 Linv.
1028 1849 1058 1899 Il.
1078 1862 1104 1913 p.
1125 1844 1167 1896 12.

185 1917 212 1968 G.
232 1917 274 1969 44.
293 1925 352 1982 post
369 1917 448 1968 Pauli
470 1916 502 1966 de
524 1915 600 1966 Drak.
620 1919 745 1968 sententia
763 1919 852 1969 addidi
866 1919 943 1982 filius.
973 1915 999 1968 G.
1019 1913 1062 1967 45.
1081 1917 1121 1966 od.
1140 1930 1169 1966 oe
1233 1917 1237 1923 '

184 1987 292 2046 dedunt,
316 1987 385 2049 quod
407 1986 567 2046 „Beroeam“
591 1987 618 2034 in
642 1987 784 2046 „Berceu“
813 1993 910 2037 mutato
934 1993 1063 2051 praestare
1087 1984 1170 2035 videri

184 2055 281 2118 possit3
301 2056 348 2104 sed
364 2057 401 2104 ita
418 2069 468 2104 nou
485 2061 573 2118 aptum
591 2057 852 2118 oliae—pereutere.
871 2070 949 2118 quare
966 2054 1127 2120 inirspotius
1142 2054 1169 2102 in

185 2138 227 2174 vv.
245 2124 349 2175 Beroea
361 2127 468 2187 priunum
485 2122 582 2186 aliquid
598 2124 656 2174 vitii
674 2124 752 2174 latere
770 2126 919 2189 putaverim.
939 2125 972 2173 ib.
984 2123 1023 2175 ed.
1034 2123 1078 2188 qni
1089 2137 1170 2186 prae·

183 2193 248 2243 sidio
266 2201 337 2258 erut,
356 2193 389 2243 cl.
407 2190 452 2257 29,
470 2188 486 2244 7
504 2192 538 2241 in.
557 2188 601 2253 ts,
620 2189 664 2259 Ἠ,
683 2190 709 2247 7.
728 2194 837 2245 rorasse
861 2194 923 2258 „qui
938 2192 974 2242 tta·
990 2194 1016 2241 iu
1030 2207 1073 2255 pr.
1093 2193 1168 2241 erot‘

184 2263 346 2312 scribendum
364 2269 427 2312 crat.
455 2257 535 2316 deo.
556 2262 663 2326 „evenes
679 2265 751 2313 oru“
771 2278 821 2312 em.
841 2261 916 2312 Grou.
936 2269 960 2310 et
977 2260 1033 2319 llr.;
1053 2260 1094 2312 ed.
1112 2262 1169 2310 emt-

185 2337 225 2380 net
242 2330 326 2380 habet.

255 2399 313 2449 Lib.
330 2396 409 2458 XLV,
429 2396 454 2449 l.
474 2395 630 2461 „Tousquum
642 2395 752 2448 'eertue“
770 2397 881 2458 servavi,
899 2411 982 2459 neque
1000 2398 1088 2447 dubito
1107 2397 1169 2458 quin

185 2473 251 2517 recte
260 2467 394 2516 Turnebus
412 2465 497 2515 locum
516 2465 693 2530 explicaverit:
713 2472 752 2517 est
769 2466 891 2531 gaudium
906 2463 957 2514 tale
970 2464 1169 2527 qualeluturum

185 2542 248 2596 erat,
267 2537 290 2584 si
309 2550 349 2584 res
368 2542 437 2584 certa
455 2533 557 2593 misser,
576 2543 619 2583 aut
637 2534 720 2596 qualis
738 2549 795 2584 esse
813 2533 878 2584 solet
895 2535 922 2583 in
939 2549 967 2584 ro
985 2541 1061 2584 certa.
1090 2531 1120 2583 (i.
1139 2533 1168 2586 Ἰ.

185 2612 310 2668 ,praeter
326 2605 434 2655 radltes“
453 2602 505 2662 od.,
524 2602 570 2650 sed
588 2604 614 2650 in
631 2619 658 2656 v.
665 2612 773 2666 praeter
789 2604 879 2654 citium
897 2602 977 2654 latere
987 2603 1114 2667 suspicor.
1132 2604 1168 2652 ib.

185 2673 293 2723 fortasse
315 2674 482 2738 inspectoresque
504 2685 586 2720 nemun
609 2671 660 2737 leg.
684 2673 719 2722 ib.
744 2673 853 2735 insonent
875 2681 903 2724 at
925 2671 1052 2732 needed,
1077 2671 1169 2736 scripsi

185 2743 242 2804 „od
257 2741 383 2803 curtun‘ss
407 2740 441 2796 cl.
461 2739 504 2788 Kr.
524 2738 600 2790 adh.
620 2737 638 2790 1.
663 2741 696 2792 ib.
717 2756 789 2806 mum
805 2743 884 2803 pauci
900 2743 956 2800 cd.;
980 2744 1058 2805 puuei
1075 2756 1107 2790 ex
1125 2755 1168 2788 su-

185 2812 330 2875 perioribus
352 2811 498 2875 repetitum,
525 2817 550 2857 et
573 2809 722 2860 adverbium
744 2808 823 2860 lutere
840 2819 911 2875 puto.
936 2811 970 2860 ib.
994 2817 1069 2870 „toto
1087 2809 1168 2858 urbe“

186 2879 279 2944 Gryu.;
300 2879 341 2929 cd.
359 2879 429 2929 urbe.
450 2877 478 2930 G.
490 2873 516 2927 3.
537 2877 679 2928 decrevitur
696 2881 791 2929 latinae
808 2879 907 2930 edictae
925 2880 967 2929 cd.
987 2879 1170 2929 noudumcon·

185 2955 249 3012 stat,
273 2948 336 3010 quid
357 2947 413 3000 Liv.
432 2946 458 2998 h.
477 2945 494 2996 1.
514 2947 660 3011 scripserit,
683 2947 729 2997 sed
752 2963 784 2998 no
807 2948 920 2998 Latinae
938 2949 970 2998 ab
988 2947 1015 3000 h.
1033 2947 1050 2997 l.
1069 2947 1168 2996 alienae

185 3015 352 3077 iulerrentur,
375 3017 474 3067 dilutae
491 3022 517 3066 et
532 3017 632 3081 scripsi.
653 3017 688 3067 ib.
707 3017 814 3067 nondum
830 3018 918 3068 missos
935 3017 992 3077 cd.,
1012 3031 1060 3066 em.
1079 3015 1167 3075 oran,

184 3087 233 3136 sed
248 3085 335 3136 dubito
352 3100 413 3135 num
430 3085 575 3135 necessaria
592 3084 671 3135 luerit
685 3086 837 3137 coniectura.
856 3086 891 3135 ib.
902 3085 1022 3136 audiuerat
1030 3085 1080 3146 cd,
1099 3085 1169 3148 quod

184 3154 270 3219 aliqua
287 3154 385 3203 ratione
403 3153 507 3205 delendi
524 3161 616 3218 potest.
647 3153 674 3204 G.
694 3151 719 3204 4.
737 3155 878 3206 sestertium
896 3155 1010 3215 servavi,
1037 3162 1065 3204 ut
1080 3168 1101 3203 c.
1121 3150 1165 3204 43.

184 3225 220 3278 ib.
237 3231 282 3272 aut
300 3221 452 3282 „eetueret“
471 3230 616 3287 corruptum
634 3231 681 3283 est,
700 3232 744 3272 aut
761 3223 830 3286 quod
852 3220 924 3272 Orev.
945 3225 1012 3274 coni.
1032 3224 1166 3288 ‚‚atlutuc“

184 3291 330 3342 addendum
348 3292 458 3343 videtur.
485 3290 513 3342 0.
533 3291 559 3342 ὁ.
581 3295 672 3354 potuere
690 3306 706 3341 a
724 3291 801 3359 Grpu.
821 3291 945 3342 additum.
964 3291 999 3343 ib.
1017 3301 1076 3358 post
1093 3291 1168 3340 botol-

182 3362 242 3411 er'do
259 3361 379 3411 nonnulla
397 3361 486 3412 deesse
503 3361 555 3410 ianr
572 3361 635 3410 mihi
658 3376 760 3424 quoque
783 3360 943 3427 probabilius
961 3368 1014 3420 est;
1038 3360 1101 3410 olim
1120 3375 1167 3426 pro

184 3430 322 3490 ‚‚oioluut't“
341 3430 392 3497 leg.
413 3431 533 3495 putabam
551 3432 686 3490 „violarit
707 3429 734 3480 0.
744 3427 770 3480 6.
789 3444 846 3481 oum
865 3431 892 3479 iu
905 3430 946 3483 ed.
964 3432 1086 3490 „neuneu
1094 3432 1168 3480 otuu·

183 3501 230 3548 eo“
250 3514 300 3550 uon
317 3502 427 3566 mimum,
446 3499 478 3550 ab
496 3501 560 3563 meo,
579 3499 626 3548 sed
643 3501 764 3559 „usmetun
781 3501 926 3550 mnuulsso“
945 3498 1109 3548 scribendum
1118 3513 1168 3562 pu-
