2592 3964
287 217 947 296 transmuux.uxr.n.sn[a.c.1su
979 207 980 212 '
1065 226 1108 294 aa

115 381 279 452 portasset
295 372 507 449 triumpharet,
529 373 589 434 nisi
603 373 804 450 perdomitam
819 385 1022 454 pacatamque
1037 397 1109 455 pro-

114 460 253 520 vinciam
266 455 444 520 tradidisset
454 459 639 520 successori.
661 459 780 522 medius
794 466 896 522 tamen
909 461 1009 523 honus
1023 463 1107 524 Man-

114 545 160 606 lio
183 542 321 616 habitus,
342 548 377 602 ut
390 553 488 602 ovans
509 541 616 602 urbem
636 541 734 603 iniret.
762 544 829 606 tulit
849 560 982 608 coronas
997 563 1108 609 amens

115 626 344 704 quinquaginta
357 625 450 701 duas,
471 625 537 686 auri
553 631 711 702 praeterea
724 628 831 703 pondo
851 636 972 690 centum
986 631 1108 707 triginta

114 713 198 785 duo,
220 707 338 785 urgenti
360 709 495 770 sedeunt
515 708 599 770 milia
619 716 771 786 uetante,
797 720 827 773 et
847 715 1053 788 pronuntiavit
1076 717 1107 775 in

113 801 231 856 senatu
252 793 360 854 decem
380 793 463 853 miiiu
488 790 594 868 pondo
621 795 738 869 argenti
757 802 789 857 et
809 797 966 872 octoginta
984 799 1051 858 auri
1072 798 1106 873 Q.

112 879 247 940 Fabium
269 883 464 958 quaestorem
486 877 657 938 adveheret
675 879 708 939 id
724 895 848 956 quoque
863 895 898 941 se
911 881 942 941 in
956 881 1107 942 aerarium

115 962 300 1024 delaturum

202 1046 334 1120 maanus
355 1051 456 1106 motus
478 1043 601 1106 servilis
622 1057 660 1108 eo
682 1057 762 1107 anno
784 1049 815 1108 in
829 1049 942 1124 Apulia
959 1049 1023 1110 luit.
1050 1049 1106 1109 Ta·

114 1137 239 1192 rentum
259 1127 449 1206 provinciam
463 1129 496 1188 L.
511 1126 686 1192 Postumius
708 1132 991 1207 praeterlabetur.
1018 1132 1047 1193 is
1067 1132 1107 1194 de

115 1222 280 1290 pastorum
309 1211 535 1288 coniuratione,
565 1213 618 1290 qui
642 1214 710 1276 vias
733 1213 901 1277 lauauniis
927 1219 1126 1293 pascuaque·

115 1299 243 1374 publica
263 1297 375 1375 intesta
394 1297 579 1370 habuerant,
601 1297 813 1374 quaestionem
835 1310 944 1360 severe
959 1301 1105 1362 exercuit.

116 1381 160 1443 ad
174 1387 295 1457 sepiem
309 1379 392 1442 milia
411 1379 568 1442 honunum
583 1378 812 1443 condemnavit:
833 1381 919 1444 multi
934 1383 1005 1456 inda
1019 1385 1106 1459 iuge·

22 1533 23 1536 Ἴ
115 1472 205 1539 runt,
227 1464 267 1526 de
286 1464 388 1526 multis
410 1471 565 1541 sumptum
586 1473 634 1526 est
653 1465 848 1542 supplicium.
885 1469 1030 1528 consules
1054 1467 1107 1528 diu

115 1549 227 1610 rotomi
254 1549 294 1609 ad
314 1549 421 1610 nubem
446 1548 607 1610 dilectibus
632 1550 755 1611 tandem
781 1549 813 1610 in
834 1550 1010 1626 provincias
1033 1563 1105 1625 pro·

116 1633 190 1694 lecti
204 1640 284 1694 sunt.

203 1712 293 1777 XXX·
315 1717 433 1778 Eodem
447 1731 528 1778 anno
545 1717 577 1776 in
591 1717 741 1793 Hispania
755 1723 915 1792 praetores
932 1715 963 1776 G.
979 1715 1105 1793 Calpur·

116 1801 188 1863 nius
210 1809 241 1862 st
252 1801 286 1862 L.
303 1799 476 1875 Quinctius,
496 1812 566 1861 cum
586 1799 685 1876 prino
705 1808 779 1881 vers
793 1813 833 1860 ex
847 1799 982 1862 hibernis
998 1801 1104 1876 copias

116 1885 246 1946 eductas
267 1885 298 1944 in
312 1884 456 1945 Baeturia
476 1881 663 1957 iunxissem,
686 1885 717 1945 in
733 1884 960 1960 carpetaniam,
979 1883 1032 1945 ubi
1049 1884 1104 1945 hu-

117 1967 211 2030 etium
225 1977 327 2030 casua
341 1974 436 2041 eraut
453 1969 612 2044 progressi
624 1977 703 2044 sunt,
719 1969 871 2030 communi
887 1968 989 2028 animo
1004 1968 1105 2030 consi·
1177 1962 1180 1968 '

115 2050 223 2128 iioque
244 2051 343 2129 parati
362 2061 428 2112 rem
446 2063 564 2127 gerere.
597 2053 679 2113 haud
700 2053 808 2128 procul
821 2053 943 2129 Dipone
957 2059 988 2112 ct
999 2051 1104 2113 Toleto

114 2136 244 2198 urbibus
269 2137 348 2199 inter
371 2135 569 2212 pabulatores
594 2147 698 2212 pogna
722 2141 789 2197 orta
814 2141 874 2208 est,
902 2136 1012 2210 quibus
1033 2135 1106 2195 drun

115 2221 271 2295 utrimque
291 2220 471 2282 subvenitur
485 2231 503 2279 a
518 2219 642 2292 castris,
662 2218 806 2295 paulatim
827 2223 936 2278 amnes
951 2219 1060 2292 copiae
1074 2218 1105 2277 iu

116 2305 215 2365 aciem
236 2303 365 2364 adunus
385 2310 465 2364 sunt.
499 2303 531 2363 in
545 2317 584 2364 eo
604 2301 798 2362 tumultuario
814 2299 977 2362 conamine
992 2302 1106 2361 etiosa
1209 2325 1212 2330 ·

118 2403 176 2450 sua
191 2393 221 2448 et
235 2401 333 2462 genus
355 2393 478 2462 pugnae
491 2397 549 2463 pro
563 2386 653 2447 hoste
667 2386 761 2462 luera,
796 2384 859 2447 duc
874 2384 1028 2446 exercitus
1043 2383 1104 2444 Ro·

115 2471 198 2532 mani
213 2469 274 2533 tirsi
287 2476 379 2546 atque
393 2471 424 2530 in
437 2477 538 2532 eastra
549 2469 700 2545 compulsi
711 2475 791 2530 sunt.
813 2479 876 2528 non
887 2467 1024 2550 institere
1035 2481 1104 2542 per·

117 2555 214 2616 uulsis
230 2555 346 2617 hostes.
375 2559 535 2629 praetores
555 2553 699 2625 Romani,
721 2562 761 2613 ne
781 2559 908 2627 pustero
933 2551 983 2612 die
1004 2557 1106 2612 eastra

116 2644 383 2716 oppugnarentur,
405 2636 525 2698 silentio
547 2637 707 2712 proximae
723 2637 824 2697 noctis
838 2635 931 2696 tacito
946 2634 1035 2710 signo
1051 2649 1105 2695 ex-

115 2723 244 2784 ercitum
258 2720 461 2783 abduxerunt.
482 2723 552 2782 luce
565 2719 664 2795 prima
677 2718 807 2794 Hispani
821 2717 888 2780 acie
901 2717 1050 2779 instructa
1064 2717 1106 2778 ad

116 2808 231 2870 vallum
254 2811 470 2879 accesserunt,
494 2814 657 2879 vacuaque
682 2809 804 2878 praeter
828 2817 917 2877 spem
938 2808 1040 2862 castra
1058 2801 1103 2860 in·

116 2889 227 2968 gressi,
239 2903 319 2966 quae
327 2889 472 2950 derelicta
483 2887 561 2949 inter
571 2894 751 2949 nocturnam
762 2883 996 2962 trepidationem
1008 2892 1103 2960 erant,

117 2973 316 3049 diripuerunt,
331 2970 530 3049 regressique
544 2971 575 3031 in
588 2983 646 3032 sua
660 2976 761 3032 cestra
775 2983 893 3048 paucos
909 2969 976 3031 dies
992 2966 1104 3046 quietis

117 3057 234 3120 stativis
253 3063 441 3118 manserunt.
475 3057 684 3118 Romanorum
704 3055 922 3128 sociorumque
938 3055 969 3113 in
985 3053 1102 3128 proelio

116 3143 251 3218 fugaque
264 3141 305 3202 ad
316 3139 545 3217 quinquemilia
557 3139 671 3212 occisa,
688 3151 818 3214 quorum
830 3151 865 3198 se
877 3136 985 3214 spoliis
996 3137 1103 3198 hostes

117 3231 280 3287 armarunt.
301 3224 375 3286 inde
389 3224 429 3286 od
439 3226 554 3300 Tagum
568 3221 681 3284 ilumsn
697 3222 826 3297 proiecti
838 3229 919 3283 sunt.
942 3224 1103 3296 praetores

117 3309 235 3371 interim
249 3309 380 3371 Romani
402 3324 493 3369 omne
513 3309 545 3368 ld
563 3313 686 3382 tempus
708 3305 926 3367 consulendis
945 3319 986 3366 ex
1000 3301 1103 3362 civita·

117 3393 197 3456 tibus
213 3393 308 3454 sociis
322 3391 529 3467 Hispanorum
544 3391 665 3453 auxiliis
678 3389 917 3465 reficiendisque
932 3388 970 3448 ab
985 3393 1103 3446 terrore

119 3477 269 3540 adversae
284 3486 406 3553 pugnae
417 3474 661 3536 miiitumanimis
673 3477 941 3548 consumpserunt.
962 3469 1016 3531 ubi
1027 3468 1104 3529 satis
