2598 3956
18 150 26 212 Ι,

235 209 351 271 LIBER
364 209 439 271 XLI.
462 210 544 272 CAP.
560 217 602 274 m.
612 220 655 275 19.
678 217 715 287 [a.
728 218 762 272 υ.
775 237 798 272 a.
811 222 952 280 areae.
968 223 1031 290 rte]
1059 215 1122 282 lla

147 366 270 444 impigre
284 364 480 427 succedebat.
511 365 636 426 alteram
650 364 758 444 hostes
774 381 842 427 cum
857 369 1075 444 propulissent,
1090 378 1124 432 ut

145 451 313 515 restitueret
335 464 400 510 rern
422 447 611 523 inclinatam,
638 451 747 510 consul
774 466 856 526 equo
878 451 1025 513 advectus
1047 470 1123 516 suos

110 543 114 549 “
146 535 265 614 quidem
280 551 299 595 a
313 534 385 608 luga
404 532 576 607 revocavit,
597 534 666 614 ipse
689 534 762 594 dum
782 535 931 596 incautius
951 543 1022 597 ante
1036 537 1125 614 algua

145 621 339 690 obversatur,
364 616 472 677 missili
491 615 637 678 traiectus
659 617 778 678 cecidit.
810 635 869 679 nec
892 618 998 680 hostes
1014 621 1124 684 dueern

143 703 276 765 occisum
293 708 469 774 senserunt,
491 707 522 760 et
535 716 662 762 suorum
676 702 783 777 pauci,
806 702 858 777 qui
873 703 1026 779 viderant,
1040 705 1124 768 haud

142 787 350 863 neglegenter,
370 789 404 845 ut
418 783 471 860 qul
485 784 516 843 in
531 799 568 844 eo
590 785 747 846 victormm
768 787 845 846 verti
860 789 986 860 scirent,
1010 803 1124 864 corpus

144 873 346 932 occultavere.
369 867 428 929 alia
442 867 602 941 multitudo
619 869 754 944 peditum
769 867 967 946 equitumque
982 871 1124 933 deturba-

141 953 180 1014 tis
200 952 340 1015 hostibus
362 958 482 1013 montes
502 952 569 1011 sine
584 954 663 1013 duce
685 967 807 1028 cepere.
835 955 875 1014 ad
891 953 1028 1030 quinque
1042 955 1125 1020 milia

141 1037 284 1113 Ligurum
300 1035 417 1098 occisor
441 1035 854 1100 exRomanoexercituduo
866 1039 1127 1115 etqulnquaginta

141 1122 327 1188 ceciderunt.
359 1134 454 1196 super
471 1127 531 1180 tam
547 1121 719 1181 evidentem
735 1121 831 1182 tristis
847 1122 956 1184 ominis
972 1130 1124 1198 eventum,

140 1207 231 1266 etiarn
253 1221 293 1265 ex
309 1203 439 1280 pullario
461 1204 597 1265 auditum
619 1211 669 1265 est
685 1205 790 1278 vitium
811 1207 842 1267 in
857 1205 996 1281 auspicio
1019 1207 1124 1282 luisse,

140 1304 198 1350 nec
214 1289 245 1348 id
260 1287 419 1350 consulem
433 1287 603 1363 ignorasse.
639 1288 670 1348 0.
683 1288 827 1351 Valerius
843 1290 946 1351 audita

138 1451 231 1533 'periti
251 1454 435 1530 religionum
452 1442 589 1530 iurisque
609 1454 740 1532 publici,
764 1457 886 1532 quando
901 1457 963 1517 duo
979 1454 1126 1518 ordinarii

141 1540 286 1603 consules
308 1540 375 1599 elus
394 1538 465 1599 anni
486 1539 687 1600 alter'morbo
706 1541 782 1600 alter
796 1540 876 1602 lerro
892 1541 1039 1616 perisset,
1062 1541 1125 1601 sul-

140 1626 254 1685 lectum
268 1625 427 1684 consulem
442 1623 594 1698 negabant
607 1632 691 1686 recte
705 1623 828 1686 comitia
841 1623 954 1685 habere
969 1639 1074 1700 posse.

141 1791 279 1853 deduxit.
307 1790 383 1850 XIX.
407 1790 452 1850 cis
469 1790 665 1866 Apenninum
681 1791 784 1852 Garuli
804 1797 836 1850 et
848 1790 983 1864 Lapicini
1005 1799 1035 1852 el
1050 1792 1126 1852 Her·

141 1882 239 1952 gates,
254 1884 338 1936 trans
351 1873 548 1949 Apenninum
559 1873 709 1936 Briniates
725 1875 853 1936 fuerant.
877 1875 955 1934 intra
967 1876 1127 1936 Audenam
1152 1939 1158 1944 ,

140 1955 262 2020 amnem
276 1957 308 2018 P.
323 1957 443 2019 Mucius
465 1975 534 2020 cum
547 1958 601 2032 iis,
624 1960 676 2034 qui
688 1959 805 2019 Lunam
818 1959 969 2035 Pisasque
986 1959 1126 2034 depopu-

139 2045 194 2104 lati
209 2050 303 2116 erant,
319 2043 431 2103 bellurn
446 2042 551 2117 gessit,
567 2043 771 2118 omnibusque
785 2043 815 2101 in
831 2041 982 2104 dicionem
993 2044 1127 2104 redactis

140 2143 228 2188 arma
253 2126 375 2187 ademit.
408 2125 448 2187 ob
470 2142 524 2186 eas
546 2142 597 2186 res
620 2126 652 2185 in
667 2127 763 2185 Gallia
777 2126 1002 2202 Liguribusque
1022 2133 1128 2200 gestas

141 2212 274 2271 duorum
293 2210 454 2272 consulum
474 2210 569 2270 ductu
590 2209 791 2285 auspicioque
810 2217 935 2270 senatus
949 2211 980 2269 in
995 2209 1129 2270 triduum

143 2294 387 2370 supplicationes
409 2293 545 2354 decrevit
565 2299 595 2354 et
615 2293 817 2370 quadraginta
835 2291 945 2355 hostiis
960 2292 1128 2354 sacrificari

144 2379 243 2439 lussit.

227 2462 265 2521 Et
280 2461 423 2523 tumultus
439 2461 563 2537 quidem
579 2461 712 2524 Gallicus
727 2468 758 2521 et
770 2460 962 2536 Ligustinus,
979 2460 1032 2535 qul
1046 2459 1128 2536 prin·

144 2545 226 2622 cipio
250 2546 316 2606 eius
331 2545 402 2604 anni
417 2554 543 2623 exortus
558 2544 775 2622 luerat,'baud
789 2560 901 2620 magno
916 2550 1028 2606 conatu
1043 2542 1130 2606 brevi

144 2623 318 2706 oppressus
340 2637 418 2690 aratz
445 2630 516 2690 belli
535 2629 727 2712 Macedonici
749 2628 872 2689 subibat
890 2629 951 2689 iarn
972 2645 1059 2704 cura,
1074 2626 1148 2690 mi·-

143 2721 251 2774 scente
265 2711 379 2773 Perseo
393 2711 472 2774 inter
485 2714 646 2775 Dardanos
661 2713 890 2790 Bastarnasque
905 2713 1080 2773 certamina.
1099 2716 1131 2771 et

144 2797 250 2871 legati,
274 2796 327 2872 qui
347 2796 434 2858 missi
456 2798 566 2859 adres
586 2797 732 2872 visendas
753 2796 783 2854 in
799 2795 1011 2856 Macedoniarn
1033 2802 1129 2867 eram,

144 2880 205 2941 iam
220 2886 408 2942 reverterant
417 2881 556 2957 Romam,
569 2879 877 2956 renuntiaverantque
888 2878 1001 2940 bellurn
1012 2880 1043 2939 in
1054 2879 1131 2940 Dar·

146 2963 237 3028 dania
257 2963 338 3026 esse.
371 2965 462 3028 simul
482 2973 630 3026 venerant
651 2973 681 3027 et
700 2964 738 3025 ab
759 2979 833 3039 rege
845 2963 960 3025 Perseo
980 2970 1130 3037 oratores,

146 3047 200 3122 qui
222 3053 388 3124 purgarent
408 3064 466 3110 nec
486 3047 603 3111 accitos
625 3048 664 3109 ab
679 3065 717 3109 eo
736 3049 901 3110 Bastarnas
925 3063 983 3110 nec
1005 3054 1132 3110 auctore

146 3146 184 3191 eo
211 3133 376 3209 quicquam
404 3133 516 3193 lacere.
554 3141 679 3216 senatus
709 3147 765 3192 nec
790 3131 898 3193 liberat
925 3133 992 3195 eius
1020 3134 1131 3208 culpae

147 3228 250 3291 regem
265 3232 368 3291 neque
389 3215 502 3292 arguit:
525 3218 643 3279 moneri
657 3233 727 3278 eum
740 3224 856 3281 tantum
870 3216 964 3278 modo
978 3217 1082 3288 iussit,
1097 3223 1133 3274 ut

146 3300 237 3359 etiam
261 3309 355 3376 atque
375 3301 466 3360 etiam
487 3310 621 3375 curaret,
648 3309 682 3362 ut
702 3309 841 3363 sanctum
863 3301 990 3362 haberet
1010 3299 1132 3372 loedus,

149 3385 233 3458 quod
254 3385 282 3444 ei
304 3400 372 3445 cum
386 3384 532 3446 Romanis
552 3401 623 3447 esse
643 3385 740 3446 videri
756 3392 874 3460 posset.
906 3384 1040 3445 Dardani
1061 3396 1129 3442 curn

147 3465 313 3529 Bastarnas
329 3483 391 3529 non
406 3469 498 3530 modo
511 3485 573 3530 non
585 3469 735 3530 excedere
746 3468 858 3530 finibus
871 3467 947 3533 suis.
963 3466 1048 3542 quod
1060 3480 1132 3541 spe·
