2598 3956
324 259 440 321 LIBER
453 259 541 322 XLII.
564 258 647 322 CAP.
661 269 705 323 31.
718 269 763 324 di.
785 268 823 336 [a.
835 267 867 321 c.
880 269 942 336 171]
1059 261 1121 325 155

142 419 261 488 essent,
283 411 342 474 nisi
363 412 479 490 populo
500 413 638 474 Romano
658 413 897 493 satisfecissent,
918 416 999 479 bello
1014 432 1121 496 perse·

142 503 294 580 queretur.
322 495 459 573 legiones
482 503 625 573 quattuor
644 509 743 560 novas
762 499 856 561 scribi
877 501 1006 578 placuit,
1030 501 1120 563 binas

141 581 271 660 singulis
286 579 476 643 consulibus.
497 580 528 642 id
544 581 712 658 praecipue
725 582 905 661 provinciae
920 583 1121 648 Macedoniae

140 667 253 738 delun,
269 665 363 741 quod,
379 675 449 726 cum
464 663 589 726 alteritu
600 665 738 728 consulis
750 663 923 746 legionibus
935 667 1121 745 quinamilia

140 758 172 813 et
186 745 296 812 ducenl
317 747 437 826 pedites
453 757 492 809 ex
507 755 611 810 vetere
624 745 760 812 instltuto
776 749 921 812 darentur
935 751 966 812 ln
982 753 1119 828 singulas

124 851 126 858 ’
140 831 287 911 legiones
304 833 335 894 iu
348 825 561 893 Macedoniam
576 845 654 894 sena
666 833 750 894 milia
763 828 899 911 peditum
915 835 1007 897 scribi
1022 837 1118 908 iussa,

139 917 260 995 equites
279 915 395 978 treceni
418 916 589 992 aequaliter
607 917 639 978 in
652 917 790 993 singulas
805 917 954 994 legiones.
977 928 1008 981 et
1021 919 1051 980 in
1067 933 1119 980 sc-

138 1001 209 1064 ciali
229 997 364 1062 exercitu
385 995 505 1062 consuli
526 1001 611 1064 alteri
637 1007 745 1063 auctus
772 1012 935 1064 numerum
961 998 1120 1064 sexdecim

138 1085 221 1147 milla
233 1081 380 1161 peditum,
395 1081 587 1160 octingentos
602 1085 731 1162 equites,
748 1091 870 1162 praeter
885 1101 950 1161 eos,
967 1102 1047 1164 quos
1064 1087 1117 1148 cn.

139 1165 273 1232 Sicinius
289 1165 437 1243 duxisset,
454 1174 620 1230 sexcentos
635 1171 763 1246 equites,
786 1168 817 1231 in
832 1169 1043 1232 Macedoniam
1058 1179 1118 1233 tra·

138 1255 241 1314 iceret.
256 1252 359 1314 ltaliae
372 1252 447 1314 satis
461 1252 528 1314 visa
539 1253 701 1314 duodecim
711 1254 794 1314 milla
804 1253 959 1315 sociorum
971 1255 1118 1331 peditum,

138 1335 278 1399 sexcenti
297 1337 426 1414 equites.
450 1334 524 1397 illud
546 1352 671 1414 quoque
697 1335 897 1414 praecipuum
919 1337 1022 1398 datum
1043 1339 1118 1400 sorti

137 1419 352 1496 Macedoniae,
374 1427 407 1482 ut
427 1419 622 1482 centuriones
643 1421 816 1498 militesque
835 1427 956 1482 veteres
971 1421 1119 1482 scriberet

139 1522 219 1582 quos
240 1506 334 1566 vellet
353 1505 461 1566 consul
482 1503 637 1581 usquead
653 1503 994 1581 quinquagintaaanos.
1022 1505 1052 1565 iu
1067 1506 1118 1566 tri-

137 1587 229 1651 bunis
254 1585 381 1650 militum
405 1594 550 1651 novatum
573 1604 611 1651 eo
636 1605 717 1649 anno
740 1595 866 1664 propter
885 1586 1117 1650 Macedonicum

139 1671 268 1748 bellurn,
289 1673 374 1748 quod
395 1674 540 1736 consules
562 1689 601 1733 ex
616 1681 742 1734 senatus
757 1674 897 1735 consulto
913 1672 954 1733 ad
967 1674 1116 1749 populum

139 1759 272 1818 tulerunt
285 1772 324 1816 ne
339 1751 450 1818 tribuni
464 1756 589 1818 militum
603 1773 640 1818 eo
656 1771 737 1818 anno
760 1755 916 1831 sullraglis
931 1763 1115 1829 crearentur,

139 1839 196 1902 sed
211 1841 372 1902 consulum
393 1847 630 1917 praetorumque
644 1841 674 1902 in
690 1840 729 1902 iis
744 1839 894 1901 iaciendis
909 1839 1053 1904 iudicium
1069 1855 1116 1898 ar·

134 1923 323 2001 ,bitriumque
354 1931 447 1986 esset.
479 1925 558 1986 inter
587 1932 746 2001 praetores
771 1923 814 1985 iia
838 1923 949 2001 partita
973 1923 1116 2001 imperia:

139 2017 320 2086 praetorem,
336 2008 423 2070 onius
438 2023 508 2070 sors
520 2009 638 2083 luisset,
652 2016 686 2071 ut
697 2009 754 2069 iret
765 2023 826 2084 quo
839 2015 966 2070 senatus
978 2008 1116 2068 censuis-

22 2156 27 2163 ,
140 2101 196 2169 eet,
210 2087 407 2154 Brundisium
418 2090 459 2153 ad
470 2093 602 2153 classem
613 2091 658 2153 ire
670 2092 793 2168 placuit,
809 2099 901 2166 atque
912 2089 954 2151 ibi
965 2105 1115 2166 recogno·
1192 2121 1197 2130 ·

141 2183 242 2239 sceret
265 2177 369 2238 soeIos
390 2175 530 2250 navales,
551 2175 753 2252 dimissisque·
770 2173 797 2234 si
819 2173 871 2249 qui
891 2189 998 2249 parum
1013 2173 1116 2234 idonei

140 2267 255 2337 esseni,
276 2262 521 2336 supplementum
537 2260 653 2336 legeret
665 2275 706 2319 ex
718 2257 875 2330 libertinis,
896 2263 927 2317 et
940 2255 1028 2318 daret
1042 2271 1116 2331 ope-

139 2359 220 2420 ram,
241 2351 275 2406 ut
287 2343 367 2405 duae
381 2351 485 2421 partes
499 2342 609 2405 civium
624 2341 842 2415 Romanorum,
861 2339 948 2403 teriia
962 2341 1116 2400 sociorum

31 2470 40 2490 .
140 2435 233 2490 esset.
256 2435 444 2490 commeatus
466 2425 560 2490 classi
579 2425 814 2506 legionibusque
829 2432 860 2487 ut
874 2442 912 2487 ex
928 2422 1032 2486 Sicilie
1046 2423 1117 2483 Sar-

141 2513 286 2590 diniaque
300 2511 558 2585 subveherentur,
580 2512 783 2590 praetoribus,
806 2511 857 2588 qui
872 2525 927 2571 eas
942 2507 1116 2585 provincias

140 2596 238 2659 sortiti
253 2603 366 2670 essent,
382 2595 519 2657 mandari
533 2597 654 2674 placuit,
668 2604 703 2658 ut
716 2597 828 2658 alteras
843 2595 989 2656 decumas
1005 2591 1116 2655 Siculis

141 2680 311 2757 Sardisque
325 2680 523 2756 imperarent,
543 2687 638 2756 utque
653 2678 684 2741 id
700 2680 881 2740 frumentum
896 2677 937 2738 ad
951 2676 1118 2738 exercitum

140 2763 170 2824 in
188 2761 399 2826 Macedoniam
420 2771 600 2839 portaretur.
630 2762 763 2823 Siciliam
785 2761 816 2822 S
833 2755 976 2821 Caninius
990 2759 1117 2821 Rebilus

139 2856 189 2910 est
202 2847 337 2923 sortitus
352 2847 385 2910 L.
398 2842 508 2910 Furius
522 2842 625 2907 Philus
640 2843 821 2917 Sardiniam,
834 2841 873 2907 L.
886 2840 1045 2905 Uenuleius
1056 2839 1118 2904 1Ιί-

139 2933 292 3010 spaniam,
317 2930 347 2992 0.
364 2928 519 3008 Sulpicius
536 2927 632 2991 Galba
646 2929 793 2990 urbanam
808 2925 1063 3001 iurisdictionem,
1082 2923 1117 2988 L.

139 3017 251 3077 Villius
265 3017 394 3078 Annalis
409 3015 488 3078 inter
501 3013 699 3092 peregrinam
722 3011 753 3073 c.
767 3011 909 3073 Lucretio
926 3008 1030 3086 Gallo,
1052 3026 1115 3086 quo

141 3107 269 3162 senalus
283 3099 466 3174 censuisset,
482 3115 552 3161 sors
567 3097 700 3160 obvenit.

224 3179 343 3246 XXXII.
366 3180 447 3244 Inter
462 3184 607 3246 consules
622 3181 720 3258 magis
736 3179 887 3243 cavillatio
903 3195 995 3257 quam
1009 3193 1120 3251 magna

141 3265 294 3330 contentio
314 3268 353 3329 de
373 3265 532 3344 provincia
551 3267 615 3328 luit.
640 3263 765 3328 Cassius
781 3264 848 3327 sine
867 3269 951 3326 sorte
967 3277 1003 3324 se
1017 3259 1119 3320 llaec-

142 3350 267 3412 douiam
277 3358 456 3432 optaturum
471 3347 600 3426 dicebar,
623 3366 681 3411 nec
696 3366 793 3427 posse
807 3348 957 3424 collegam
973 3345 1058 3406 salvo
1074 3341 1120 3400 iu-

141 3433 305 3496 reiurando
320 3451 425 3497 secum
437 3432 737 3513 sortiripraetorem
747 3447 826 3508 eum,
839 3448 878 3493 ne
889 3431 918 3491 ln
932 3425 1120 3504 provinciam
1162 3449 1169 3457 ·

141 3515 213 3593 laet,
238 3517 270 3580 in
292 3518 435 3582 contione
456 3518 576 3580 iurasse
598 3533 633 3578 se
653 3523 732 3578 stato
754 3518 823 3577 loco
842 3513 992 3587 statisque
1010 3509 1120 3570 diebus
