2570 3952
308 213 501 277 EPlTOMAE
515 214 719 278 LIBRORUM
733 216 865 278 XLVIll'.
879 217 980 279 XLIX.
1056 218 1117 281 301

137 368 173 410 ire
193 367 290 416 velient,
310 367 335 410 i’.
352 366 469 408 conomius
482 366 618 408 Aemilianus
637 367 757 419 processit,
782 369 805 408 et
824 368 970 420 excepturum
988 375 1013 408 ae
1027 366 1119 408 militiae

137 419 1120 517 tiiiiiitiiiiitttiiitti.i‘.⁰.‘i.⁸ii.i⁶i..i”i.‘'titilitiisiti

139 527 175 570 ins
190 530 225 569 cui
239 529 391 577 successerat,
407 527 509 580 placasse
523 537 600 568 omues
615 527 748 572 Celtiberiae
762 528 857 581 populos
873 527 994 577 videretur,
1009 527 1120 569 Vaccaeos

138 585 161 623 et
176 581 300 624 Crnisbroa
319 584 342 622 et
360 579 416 622 silas
430 580 503 622 aditur
517 583 641 634 incognitae
655 583 757 622 nationes
771 584 794 623 ln
810 581 917 635 Hispanis
930 583 1026 634 subegit.
1046 582 1075 623 ibi
1091 583 1117 626 P.

138 636 256 680 Cornelius
270 633 346 688 Scipio
361 634 478 677 Africanus
491 635 640 684 Aemilianus,
660 633 687 677 L.
702 634 764 676 Pauli
778 633 852 686 fliius,
866 636 964 678 Africani
980 646 1063 689 nepos,
1078 636 1119 677 sed

137 689 269 743 adoptivus,
285 691 453 742 provocatorem
466 689 585 732 barbarum
597 691 702 731 tribunus
714 689 807 731 miiitum
821 689 915 740 occidit3
934 693 957 730 et
971 691 992 730 la
1007 697 1119 744 oppugne-

137 746 199 795 tione
221 743 352 792 iniereatiae
373 743 435 784 urbis
453 745 524 784 maius
540 746 606 786 etiam
626 743 749 798 periculum
770 742 838 784 adiit:
860 754 909 784 nam
930 753 1014 785 murum
1034 745 1119 797 primus

137 797 284 840 transcendit.
299 796 349 839 Ser.
364 795 480 850 Sulpicius
494 796 566 839 Galba
580 799 669 851 praetor
683 796 740 838 male
754 796 861 838 aduersus
869 797 988 839 Lusitanos
1002 799 1118 850 pugnavit.

137 861 186 892 cum
207 850 274 903 legati
294 863 323 892 ex
338 849 413 892 sirica
430 861 480 894 eum
494 853 621 894 oratoribus
635 849 850 903 carthaginiensium
865 853 888 893 ei
903 849 1000 892 Gulussa
1014 849 1119 892 lissinis·

136 913 176 945 sae
195 903 241 946 tilio
261 904 383 955 redissent,
406 903 550 956 dicerentque
570 909 593 948 ei
607 907 728 948 exercitum
742 912 767 946 se
786 907 810 946 et
823 904 916 946 classem
933 902 1067 959 cartilagine
1081 904 1118 944 de·

137 956 289 1010 prehendisse,
304 960 417 1011 perrogrri
431 960 554 1000 sententiae
569 959 663 1012 placuit.
678 959 763 1001 Getone
776 963 799 1000 et
813 958 864 1000 aliie
879 958 1017 1012 principibus
1031 958 1119 999 senatui

137 1011 289 1062 suadentibus,
306 1015 330 1053 ut
344 1012 366 1052 in
381 1011 477 1054 Africam
491 1013 608 1056 confestim
622 1015 810 1066 transportaretur
823 1014 942 1062 exercitus,
957 1011 1016 1064 qnod
1027 1012 1054 1056 P.
1066 1013 1119 1056 Cor-

136 1065 211 1107 aeiius
225 1065 307 1108 lisaica
322 1065 411 1107 dicebat
424 1065 519 1107 nondum
534 1068 577 1109 sibi
592 1068 673 1109 iustam
692 1077 782 1108 cansam
801 1065 855 1108 beili
875 1066 957 1117 videri,
977 1066 1073 1121 placuit,
1094 1069 1118 1107 ut

137 1119 198 1160 belin
216 1119 365 1168 abstinerent,
387 1121 406 1160 si
421 1119 615 1172 canbsgtnienaee
633 1121 728 1162 classem
748 1123 887 1162 eaussiasent
906 1124 929 1162 et
946 1122 1067 1163 exercitum
1086 1119 1117 1162 dl-

136 1174 261 1214 mitterent:
276 1175 311 1216 sin
327 1173 406 1222 minua,
423 1176 519 1226 proximi
533 1175 637 1216 eonsules
651 1175 679 1216 de
689 1175 774 1216 Punico
788 1174 849 1215 bello
864 1174 981 1217 referrent.
995 1187 1045 1216 eum
1060 1174 1120 1216 loco-

136 1231 183 1268 tum
196 1237 209 1266 a
224 1227 355 1269 censoribus
365 1225 475 1268 thestrum
485 1230 644 1276 exstrueretur,
659 1229 685 1268 P.
696 1229 802 1271 Cornelio
812 1227 895 1269 Nasica
904 1231 995 1270 auctore
1006 1232 1119 1281 umquam

136 1280 215 1322 inutile
234 1283 258 1322 et
278 1282 404 1322 nociturum
423 1280 520 1332 publicis
537 1282 635 1322 moribus
654 1293 684 1322 ex
697 1284 788 1323 senatus
807 1282 911 1324 consulto
926 1281 1061 1324 destructum
1076 1287 1117 1330 est,

137 1331 1119 1441 irritet:i”ittiitii*tilbntititti'iittiti”iiiiiisitiit

137 1441 206 1490 daos,
226 1444 250 1482 et
263 1444 313 1484 aine
327 1441 455 1495 pulpamine
469 1441 574 1483 mandere
591 1417 722 1494 et'puaiare
736 1452 815 1496 panem
830 1445 915 1483 uotum
929 1442 1008 1493 solito,
1028 1443 1119 1496 insuper
1133 1456 1140 1464 ·

136 1495 257 1537 Romanum
271 1495 355 1537 bellum
369 1497 503 1537 meruerunt.

190 1549 266 1590 Xblx.
286 1549 355 1591 tertii
369 1549 447 1594 Punici
464 1548 518 1592 belii
538 1548 626 1590 initium
645 1548 716 1590 altero
733 1551 758 1591 et
771 1551 933 1592 sexcentesimo
948 1563 1005 1592 anno
1019 1551 1047 1592 ab
1064 1552 1117 1593 urbe

136 1601 237 1653 condita,
258 1604 317 1646 lntrs
336 1605 436 1656 quinium
455 1613 535 1644 sonum
555 1612 620 1653 quam
635 1605 683 1644 erat
701 1604 816 1656 coeptum,
838 1607 990 1650 consummati.
1013 1605 1070 1646 inter
1084 1605 1116 1650 iit.

137 1657 239 1698 Porcium
253 1657 360 1700 &tenere
382 1661 405 1699 et
419 1656 546 1712 Scipionem
560 1655 676 1706 Nasicam,
698 1667 792 1710 qnorum
811 1657 869 1700 alter
890 1661 1069 1713 sapientissimus
1083 1659 1118 1700 vir

137 1711 158 1750 in
174 1710 265 1753 civitate
279 1709 414 1762 habebatur,
436 1712 493 1752 riter
506 1711 604 1765 optimus
617 1712 684 1752 etiarn
698 1723 711 1752 a
725 1716 805 1754 senatu
820 1711 931 1754 iudicatae
944 1717 1002 1766 erat,
1022 1713 1117 1754 diversis

136 1767 244 1806 ceraton
257 1767 374 1808 sententiis
389 1769 424 1807 est
434 1765 518 1808 catone
532 1764 640 1806 suadente
654 1765 745 1815 bellurn,
760 1769 783 1807 et
798 1770 822 1808 ut
835 1766 950 1808 tolleretur
961 1766 1117 1818 delereturque

137 1817 258 1871 Carthago,
274 1819 356 1862 Nasica
370 1819 520 1862 dissuadente.
539 1817 624 1872 placuit
638 1821 724 1869 tamen,
739 1818 800 1871 quod
814 1823 890 1862 contra
905 1819 984 1861 ioedus
998 1815 1066 1862 nabes
1080 1819 1117 1861 ba-

137 1870 226 1920 batert,
248 1873 307 1923 eund
321 1875 434 1916 exercitus
448 1877 511 1915 extra
529 1873 584 1913 lines
598 1872 726 1923 duxissent,
746 1873 808 1926 qood
822 1875 883 1916 socio
897 1875 973 1928 populi
988 1874 1081 1916 Romani
1096 1876 1118 1914 et

136 1926 206 1966 amico
221 1925 355 1968 Masinissae
368 1939 430 1969 arnas
444 1926 584 1976 intulissent,
605 1926 665 1978 qnod
678 1926 747 1968 illium
762 1929 810 1969 eius
825 1928 955 1978 Gulussam,
971 1929 1008 1982 qui
1023 1940 1072 1970 cum
1087 1926 1117 1969 le-

136 1978 418 2086 iiiiiiitiiniiii
427 1981 748 2076 interstitiis
762 1980 1116 2079 i0¹iiriiiti¹i..tittt“⁸e

135 2096 221 2138 suaque
236 2089 311 2129 omnis.
323 2088 439 2132 dedentes.
458 2047 485 2130 epa
499 2087 580 2141 legatio
595 2064 666 2131 r’eluti
681 2100 744 2130 omen
758 2047 821 2142 grite
835 2091 947 2144 patribus,
969 2092 1050 2132 acerba
1063 2067 1117 2131 ’Car-

136 2139 316 2192 tbaginienstbua
329 2142 379 2184 iuii.
400 2142 458 2184 Ludi
474 2141 522 2188 niti
537 2143 595 2194 patri
609 2142 638 2183 ad
652 2143 770 2185 Tereutnnr
784 2154 813 2184 ex
843 2146 947 2198 raecepto
962 2143 1066 2185 librorum
1081 2143 1118 2185 Sl·

136 2193 269 2246 byiiiuorum
282 2195 343 2245 iacti,
358 2196 396 2248 qni
410 2200 463 2238 anie
476 2207 557 2237 unum
571 2197 722 2246 centecimum,
738 2198 809 2250 primo
824 2156 908 2240 genien
922 2195 994 2246 bello,
1010 2199 1118 2250 quingen·

137 2247 215 2290 tesiam
234 2250 257 2289 ei
275 2249 346 2290 altero
365 2261 422 2290 runo
442 2252 471 2291 ab
485 2251 539 2290 urba
553 2249 653 2300 condita,
676 2251 730 2291 iacti
745 2254 815 2292 erant.
838 2250 906 2304 legati
921 2251 1011 2304 triginta
1025 2251 1117 2292 llomam

137 2304 256 2352 venerunt,
277 2313 317 2355 per
332 2314 391 2356 quoe
402 2313 429 2344 ae
442 2301 639 2355 Carthaginienses
652 2304 772 2349 dedebent.
794 2304 886 2346 catonis
900 2305 1013 2347 sententia
1026 2303 1116 2352 devicit,

136 2358 160 2397 ni
175 2357 198 2397 ia
212 2356 302 2400 decreto
316 2361 461 2411 perstaretur,
476 2360 500 2400 et
514 2361 539 2398 nt
553 2358 656 2399 conules
670 2369 736 2411 quam
751 2358 844 2412 primum
857 2357 886 2399 ad
896 2358 981 2402 bellum
992 2358 1117 2411 proticisce-

134 2413 218 2452 rentur.
239 2410 277 2463 qui
292 2412 330 2453 ubi
344 2412 366 2453 ln
381 2412 478 2454 sinnam
492 2412 640 2461 munerant,
654 2415 752 2466 acceptis
766 2422 823 2466 quos
837 2415 998 2467 imperaverant
1011 2413 1117 2454 trecentis

134 2463 261 2514 obsidibus,
288 2469 310 2507 et
330 2466 397 2508 arnis
415 2466 561 2518 omnibusque
579 2465 732 2509 instrumentis
755 2465 855 2518 bellicis,
883 2469 903 2509 el
922 2478 966 2520 qua
985 2466 1117 2519 cartilagine

135 2522 210 2569 erant,
226 2521 288 2570 tunc,
310 2531 358 2562 cam
373 2531 401 2561 ex
415 2521 549 2562 auctoritaie
563 2523 650 2572 petrum
663 2522 765 2563 luberent
779 2525 803 2562 ui
816 2518 840 2562 in
854 2521 922 2564 alium
937 2521 1022 2571 locum,
1038 2521 1088 2562 dum
1104 2531 1117 2560 a

133 2572 188 2614 mari
204 2572 279 2614 decem
293 2574 353 2615 milia
369 2583 481 2627 passuum,
497 2585 525 2616 oe
539 2575 624 2625 minus,
638 2577 759 2626 remotum,
774 2575 880 2628 oppidum
895 2576 1005 2624 trement,
1020 2575 1115 2627 indigni·

133 2629 183 2668 tate
201 2628 233 2668 rei
253 2627 282 2668 sd
302 2627 429 2670 bellandum
445 2627 639 2680 Cartbfflienses
652 2631 815 2682 compulerunt.
835 2629 933 2672 obsideri
947 2631 1116 2683 oppugnatione

133 2682 213 2733 coepta
228 2683 264 2721 esi
277 2679 387 2734 Caribrgo
406 2682 434 2723 ab
449 2682 475 2724 i..
491 2683 574 2724 Marcio
589 2682 627 2724 Μ’.
641 2682 733 2725 Manilio
750 2683 886 2726 consulibus.
906 2685 928 2724 in
943 2694 988 2737 qua
1002 2693 1115 2777 oppugna-

134 2736 195 2774 tione
210 2744 258 2774 cum
273 2734 386 2787 nqlertos
405 2736 433 2775 ab
448 2746 491 2776 nna
506 2739 570 2786 parte
583 2746 657 2777 mmor
671 2738 715 2780 duo
729 2737 812 2778 tribuni
826 2740 910 2780 temere
924 2748 973 2779 eum
988 2749 1014 2778 cn
1031 2737 1116 2776 ortibus

134 2786 182 2828 suis
201 2787 334 2840 bauptsserlt
353 2792 376 2830 et
395 2789 423 2830 ab
442 2788 563 2842 oppidanis
575 2791 672 2841 graviter
685 2790 842 2841 caederentur,
865 2789 998 2845 aSclpione
1012 2789 1116 2832 Africano

134 2839 236 2894 expliciti
250 2843 314 2892 annt3
328 2852 369 2895 per
383 2853 449 2894 quem
464 2846 487 2884 et
500 2842 781 2894 susstinensomsnomn,
797 2843 857 2896 quod
872 2848 937 2886 nocte
951 2843 1115 2898 erpugnabant,

133 2896 212 2948 paucis
226 2897 339 2948 anilibus
352 2897 480 2940 innantibus
494 2895 611 2938 liberatum
626 2905 669 2939 est.
685 2901 859 2950 castrmumqne,
875 2909 933 2951 qnae
948 2897 1115 2952 wibeginien·

133 2959 171 2991 ses
186 2951 288 2992 omnibus
301 2950 372 3004 copiis
386 2952 415 2992 ab
430 2951 484 2992 urbe
498 2951 581 3004 parlier
596 2951 681 3003 egressi
694 2951 859 3005 oppugnabant,
874 2951 1016 2994 liberatorum
1032 2953 1052 2994 is
1066 2952 1116 3047 ipse

134 3004 275 3056 praecipuam
289 3004 381 3057 gloriam
396 3005 455 3046 tulit.
475 3009 593 3058 praeterea
611 3015 660 3046 curn
674 3005 701 3047 sb
718 3007 783 3048 irrita
794 3006 959 3060 oppugnstlone
974 3005 1071 3059 Cartbag
1081 3007 1115 3047 nis

134 3055 212 3098 consul
225 3079 253 3092 -
266 3057 323 3101 aiter
337 3058 396 3100 enlm
406 3058 497 3102 Romam
511 3058 540 3099 sd
554 3059 644 3100 comitia
660 3059 715 3101 ierat
728 3081 757 3096 -
770 3061 891 3102 exercitum
906 3059 997 3103 duceret
1007 3061 1115 3102 adversus

135 3108 307 3162 ilasdrnbsiam,
328 3112 366 3164 qni
381 3124 431 3155 oum
444 3113 517 3156 altera
531 3123 596 3154 manu
611 3113 713 3166 iniquum
724 3113 806 3156 saltum
820 3113 938 3165 lasiderat,
958 3116 1030 3157 suasit
1044 3115 1114 3168 primo

136 3162 234 3215 consuli,
254 3175 283 3206 ne
301 3168 347 3208 tam
365 3167 442 3219 inmun
460 3167 509 3209 loco
524 3167 663 3220 confligeret,
681 3168 755 3210 vicina
769 3167 848 3210 minda
863 3169 1020 3223 complurium,
1039 3168 1116 3220 quiet

134 3215 266 3270 prudentiae
281 3220 329 3261 elus
343 3223 366 3262 et
380 3221 456 3262 virtuti
471 3220 608 3271 invidebant,
623 3223 742 3264 sententiis
755 3226 778 3264 et
792 3223 841 3276 ipse
855 3222 936 3264 anitum
947 3224 1062 3275 ingressus
1072 3225 1115 3262 est.

134 3282 196 3321 cunr,
219 3272 277 3313 sicut
291 3274 446 3326 praedixerat,
468 3273 531 3316 iusus
546 3276 680 3329 iuratusque
693 3280 753 3318 esset
767 3273 881 3318 Romanus
895 3277 1006 3318 exercitus
1021 3278 1044 3316 ei
1058 3273 1115 3314 duee

134 3323 239 3368 cobortes
258 3326 286 3367 ab
306 3325 371 3369 bosia
390 3326 556 3380 obsiderentur,
577 3341 626 3372 curn
640 3330 727 3382 exiguis
742 3331 840 3382 equitum
856 3329 934 3371 turmis
948 3331 970 3370 in
984 3329 1066 3370 saltum
1080 3337 1115 3367 re-

135 3388 213 3420 verens
227 3379 334 3422 liberauit
352 3391 392 3422 eas
405 3384 428 3423 et
441 3381 563 3424 incolumes
577 3383 674 3425 reduxit.
692 3394 758 3436 quem
773 3384 876 3424 virtutem
891 3384 939 3424 eius
954 3385 977 3424 et
991 3382 1060 3428 cato,
1081 3381 1115 3421 vir

134 3435 272 3486 promptiore
284 3433 313 3474 ad
328 3434 496 3488 vituperandum
510 3437 593 3489 lingua,
608 3439 630 3479 in
644 3442 724 3479 unctu
737 3437 771 3478 sir
784 3439 916 3491 prosecutur
930 3438 976 3484 eet,
993 3438 1017 3475 ui
1032 3433 1116 3475 diceret

135 3486 242 3540 reliquos,
258 3488 333 3542 quiin
348 3488 422 3531 sirica
436 3489 564 3541 militarent,
582 3492 669 3532 umbras
684 3492 785 3536 milliare.
800 3490 929 3542 Scipionem
941 3491 1030 3543 vigere,
1045 3493 1066 3529 et
1075 3499 1105 3541 po
