2592 3964
337 188 525 292 crasans.
549 229 711 294 caasa
735 238 891 306 [aanor]
1053 231 1097 295 ao

111 377 286 455 deflagrare
301 378 363 440 iras
377 387 507 454 vestras,
522 381 647 458 purgari
661 383 856 459 suspiciones
870 397 976 460 posse.
1006 385 1095 446 etiam

109 465 219 526 hostes
241 463 333 524 armis
357 464 466 539 positis
482 465 592 526 toedus
606 464 716 542 icisse,
738 473 769 528 et
784 467 918 543 privatas
933 468 1095 530 multorum

108 549 280 610 simultates
290 545 408 608 finitas:
422 546 591 608 subituram
604 543 695 610 vobis
706 549 875 625 aliquando
887 543 1094 627 germanitatis

108 631 303 704 memoriam,
319 630 445 707 puerilis
460 631 616 707 quondam
631 631 832 710 simplicitatis
848 635 1094 698 consuetudinis·

112 730 177 792 que
192 714 354 788 intervos,
376 729 514 776 meorum
528 714 662 794 denique
678 724 926 794 praeceptorum,
948 733 1028 795 quae
1041 734 1094 780 ve·

108 814 184 860 reor
211 813 250 858 nc
275 813 355 860 vana
379 797 482 860 surdis
510 798 634 861 auribus
664 799 834 862 cecinerim.
868 801 1011 877 quotiens
1035 817 1094 878 ego

108 880 305 944 audientibus
328 879 609 968 vobistdetestatus
629 885 771 960 exempta
791 884 1014 947 discordiarum
1034 886 1095 945 ira—

107 972 267 1028 ternurunr
282 964 454 1026 horrendos
470 974 597 1028 eventus
609 981 714 1028 eorum
725 969 833 1043 rettuli,
850 967 962 1046 quibus
976 983 1012 1029 sa
1026 968 1095 1030 stir-

108 1065 246 1126 pemque
258 1065 355 1123 suam,
367 1049 487 1124 domos,
499 1065 594 1126 regna
606 1051 742 1114 funditus
753 1053 945 1115 evertissent.
967 1049 1095 1113 meliora

108 1149 238 1210 quoque
257 1134 400 1209 exempla
420 1141 505 1208 parte
524 1135 619 1195 altera
639 1135 746 1211 posui,
768 1135 944 1198 sociabilem
967 1151 1093 1198 consor·

108 1216 224 1279 donent
250 1216 327 1277 inter
349 1216 441 1277 binos
461 1217 772 1280 Lacedaemoniorum
797 1235 903 1295 regua,
930 1220 1094 1281 salutarem

108 1315 168 1377 par
178 1301 271 1361 multa
281 1301 387 1362 secula
397 1300 475 1376 ipsis
487 1301 680 1377 patriaeque:
696 1303 824 1363 eandem
836 1301 996 1374 civitatem,
1009 1309 1092 1378 post·

108 1401 205 1460 quam
224 1399 292 1445 mos
314 1384 372 1446 sibi
393 1383 504 1459 cuique
524 1383 663 1460 rapiendi
684 1384 876 1462 tyrannidem
897 1393 1023 1449 exortus
1045 1385 1093 1459 sit,

108 1482 262 1530 eversam.
286 1467 346 1528 iam
359 1467 418 1528 hos
432 1466 598 1529 Eumenem
611 1469 808 1544 Attalumque
822 1468 946 1546 iratres,
968 1484 988 1529 a
1002 1484 1094 1544 quam

12 1535 14 1580 ³
109 1549 232 1627 exiguis
250 1549 358 1626 rebus,
380 1566 479 1627 prope
494 1558 528 1612 ut
541 1549 669 1627 puderet
683 1550 759 1628 regii
773 1551 921 1626 nominis,
943 1551 1016 1613 mihi
1028 1555 1092 1614 Au·

109 1635 214 1698 tiocho
227 1642 257 1696 ct
268 1634 391 1696 cuilibet
401 1651 508 1710 regum
518 1633 609 1697 huius
620 1636 736 1710 aetatis,
752 1637 834 1698 nulia
844 1652 878 1697 re
890 1636 988 1712 magis
1001 1651 1093 1712 quarn

110 1720 245 1780 fraterna
260 1717 466 1792 unanimitate,
480 1733 608 1793 regnum
623 1735 786 1796 aequasse.
812 1735 851 1780 ne
863 1719 1010 1782 Romanis
1026 1718 1092 1795 qui-

108 1803 183 1864 dem
196 1800 346 1879 exeurplis
362 1799 503 1876 abstinui,
521 1817 600 1877 quae
614 1809 667 1864 aut
679 1802 748 1864 visa
759 1803 922 1866 auteudita
932 1802 1093 1877 habebam,
1147 1874 1161 1890 ὦ

107 1885 142 1946 Τ.
158 1892 188 1947 et
201 1885 234 1945 L.
249 1885 471 1961 Quinctiorum,
494 1884 545 1962 qui
558 1886 672 1948 beilum
686 1902 805 1950 mecum
819 1892 998 1964 gesserunt,
1017 1885 1049 1946 P.
1065 1894 1095 1947 et

108 1970 143 2030 L.
159 1969 346 2046 Scipionum,
362 1969 413 2045 qui
425 1966 607 2031 Antiochum
621 1969 807 2046 devicerunt,
823 1969 918 2046 patris
932 1969 1094 2046 patruique

109 2070 227 2128 eorum,
241 2068 372 2130 quorum
384 2059 563 2130 perpetuam
573 2052 654 2114 vitae
666 2054 861 2116 concordiam
872 2069 955 2116 mors
969 2069 1094 2131 quoque
1194 2061 1195 2066 ’
1283 2041 1284 2044 ’

109 2137 241 2200 miscuit.
262 2152 364 2214 neque
379 2153 436 2198 vos
450 2135 570 2197 illorum
582 2137 685 2198 scelus
700 2136 869 2214 similisque
880 2137 990 2199 sceleri
1001 2153 1093 2200 even·
1194 2161 1197 2166 ·

111 2229 162 2282 ius
187 2221 376 2283 deterreres
394 2220 521 2282 uecordi
546 2219 702 2282 discordia
724 2218 836 2297 potuit,
863 2234 965 2296 neque
984 2221 1093 2281 horum

111 2305 195 2365 bona
215 2319 316 2380 mens,
336 2305 420 2364 bona
440 2306 562 2365 iortuna
576 2302 616 2364 ad
636 2303 795 2366 sanitatem
809 2302 944 2364 flectere.
976 2303 1048 2364 vivo
1064 2311 1094 2366 et

111 2389 249 2464 spirante
267 2404 317 2449 rue
331 2387 530 2450 hereditatem
546 2401 645 2448 meum
660 2387 751 2450 ambo
766 2393 796 2448 et
810 2403 868 2464 spe
883 2392 913 2447 et
927 2385 1093 2462 cupiditate

111 2471 253 2548 improba
267 2471 416 2534 crevistis.
439 2488 477 2533 eo
492 2488 592 2548 usque
606 2488 655 2532 me
671 2470 774 2533 vivere
788 2471 889 2546 vultis,
905 2470 1006 2532 donec
1020 2470 1092 2532 aite—

109 2554 176 2617 rius
201 2562 335 2618 vestrum
361 2561 520 2632 superstes
546 2554 626 2616 iraud
649 2556 823 2631 ambiguum
841 2569 946 2631 regem
966 2555 1093 2615 alterum

111 2655 180 2700 mea
199 2647 297 2702 morte
317 2640 435 2701 iaciarn.
466 2640 660 2700 nec'iratrem
674 2655 732 2702 uec
747 2647 863 2716 patrem
877 2637 1006 2715 potestis
1022 2636 1094 2714 pati.

110 2721 186 2784 nihil
207 2726 284 2798 cari,
304 2723 379 2786 nihii
399 2721 498 2785 sancti
514 2729 574 2784 est.
595 2723 626 2784 in
642 2723 775 2784 omniurn
789 2724 888 2784 vicem
902 2720 989 2798 regni
1003 2721 1093 2782 unius

112 2806 293 2869 insatiabilis
308 2823 395 2868 amor
408 2807 568 2869 successit.
599 2807 691 2882 agite,
708 2807 918 2869 conscelerate
934 2820 1024 2866 aures
1040 2820 1092 2880 pa-

113 2897 232 2964 ternas,
254 2892 409 2953 decernite
424 2890 615 2966 criminibus,
630 2907 703 2952 rnox
718 2892 799 2952 ierro
815 2887 980 2962 decreturi,
1002 2885 1094 2948 dicite

113 2975 213 3050 palam
238 2975 387 3052 quidquid
411 2981 464 3036 aut
482 2973 547 3036 veri
573 2973 701 3050 potestis
726 2980 779 3036 aut
797 2974 870 3036 libet
889 2970 1093 3034 comminiscb

110 3065 266 3120 reseratae
287 3073 378 3120 aures
399 3067 485 3133 sunt,
511 3074 590 3133 qnae
611 3057 740 3134 posthac
760 3057 887 3120 secretis
908 3055 1031 3119 alterius
1053 3055 1094 3115 ab

111 3141 208 3202 altero
224 3142 400 3205 criminibus
415 3143 624 3205 claudentur.“
644 3141 721 3202 haec
735 3143 839 3203 iurens
853 3139 899 3202 ira
913 3155 981 3201 cum
996 3136 1086 3200 dixis·

112 3232 174 3296 set,
190 3225 334 3288 lacrimae
349 3227 491 3290 omnibus
506 3227 648 3301 obortae,
662 3234 693 3286 et
706 3224 760 3287 diu
774 3232 924 3286 maestum
939 3223 1093 3284 silentium

113 3307 219 3370 tenuit.

197 3392 247 3453 IX.
269 3393 344 3454 Turn
363 3393 495 3455 Perseus
520 3392 707 3471 „aperienda
730 3390 870 3455 nimirum
891 3395 982 3450 nocte
1003 3388 1092 3448 ianua

113 3476 183 3550 init,
210 3483 240 3538 et
259 3475 366 3538 armati
387 3477 586 3540 comisatores
612 3477 796 3553 accipiendi,
822 3471 1093 3552 praebendumque
