2574 3954
317 261 550 324 rmnnxnv.
572 246 939 346 emancupare]
1038 237 1119 332 stc

124 416 285 490 cedemus,
301 415 387 490 quod
400 413 431 476 in
446 413 575 476 consilio
590 416 733 492 agitatum
747 425 821 494 erat,
841 419 1031 481 vastandam.
1053 437 1105 484 se·

124 509 212 564 creto
232 496 398 561 indicatum
420 495 536 559 cibaria
555 498 604 560 bis
619 508 801 577 praeparata
821 501 862 563 ad
876 505 1007 564 classem
1023 512 1133 580 esse‚‘.

124 599 166 645 ne
182 581 256 660 quid
270 598 327 644 eos
341 589 520 643 moraretur.
542 581 614 644 inde
627 585 704 646 russi
726 584 820 648 duces
841 584 958 648 itineris
972 587 1014 648 ita
1028 587 1105 650 divi-

124 666 316 742 deruviani,
341 673 375 727 ut
395 673 504 742 quarta
528 665 738 741 ugiliamnio
760 668 810 731 die
829 667 979 748 Pythium.
992 671 1106 733 adoriri

125 756 265 828 possent.
286 747 356 826 ipsa
369 755 495 827 postem
511 747 575 822 dic,
596 757 629 812 ut
638 751 792 813 'detineret
805 767 910 828 regem
923 753 962 814 ab
977 753 1105 816 circum-

124 842 237 910 spectu
255 848 359 894 rerum
380 832 522 908 aliarum,
544 831 643 909 prima
662 833 732 896 luce
752 835 854 896 medio
871 835 903 896 in
924 837 1013 898 alveo
1036 853 1106 901 cum

123 915 308 980 stationibus
336 915 470 978 hostium
501 916 652 992 proelium
682 918 842 980 commisit
876 929 1107 998 pugnatumque

123 1001 278 1076 utrimque
292 1005 342 1061 est
354 998 415 1060 levi
428 1006 590 1061 mutatura.
611 1016 669 1062 nac
682 1001 876 1078 gravioribus
889 1001 984 1065 armis
998 1003 1030 1065 in
1043 1013 1106 1068 tam

123 1082 279 1160 inaequali
298 1083 388 1144 alveo
410 1084 540 1159 pugnari
554 1090 683 1158 poterat
707 1084 879 1148 descensus
888 1088 980 1163 ripae
992 1089 1106 1150 utrius·

125 1185 188 1244 qua
202 1168 232 1228 in
247 1168 367 1228 alveum
380 1173 586 1228 trecentorum
599 1169 695 1230 terme
707 1184 857 1244 passuum
871 1176 951 1245 erat,
972 1171 1106 1234 medium

125 1251 260 1327 spatium
280 1250 440 1321 torrentis,
467 1249 540 1312 alibi
560 1251 648 1312 aliter·
667 1253 782 1327 cavati,
806 1255 900 1329 paulo
920 1253 1107 1330 plusquam

124 1336 207 1396 mille
227 1337 342 1410 passus
357 1333 489 1411 patebat.
511 1331 554 1394 ibi
568 1335 599 1394 in
614 1335 715 1396 medic
730 1335 941 1412 spectantibus
955 1337 1107 1414 utrimque

125 1435 166 1480 ex
187 1419 268 1478 vallo
289 1423 460 1478 castrorum
480 1418 551 1478 binc
569 1435 641 1494 repe
659 1417 732 1479 hinc
750 1419 879 1480 consule
898 1434 968 1484 cum
982 1419 1048 1482 suis
1062 1423 1106 1482 le·

124 1501 269 1578 gionibus
293 1507 461 1578 pugnatum
480 1507 538 1562 est
566 1500 735 1564 missilibus
755 1504 864 1577 procul
888 1503 974 1580 regia
992 1503 1106 1565 auxilia

124 1583 236 1647 melius
247 1584 441 1663 pugnabant3
464 1587 634 1647 comminus
645 1585 783 1648 stabilior
793 1594 824 1648 ct
833 1587 926 1649 tutior
936 1594 990 1649 aut
998 1603 1106 1664 parma
1207 1629 1211 1633 -
1279 1603 1280 1618 ³

125 1677 179 1731 aut
199 1677 288 1731 scuto
301 1668 460 1744 Ligustino
480 1670 639 1730 Romanus
653 1675 728 1731 erat.
749 1670 876 1732 meridie
890 1671 955 1732 tere
968 1670 1107 1748 receptui

125 1753 196 1816 cani
217 1752 283 1814 suis
304 1753 413 1813 consul
432 1752 529 1814 iussit.
557 1754 600 1815 ita
620 1767 658 1816 eo
680 1752 731 1815 die
751 1753 935 1835 diremptum
956 1755 1105 1829 proelium

124 1845 175 1898 est
192 1835 277 1897 haud
297 1836 404 1911 paucis
424 1835 577 1913 utrimque
596 1836 772 1910 interiectis
800 1839 868 1898 sole
889 1843 956 1899 orto
977 1844 1105 1913 postero

125 1919 178 1981 die
192 1919 314 1982 irritatis
329 1919 494 1980 certamine
507 1919 616 1981 smmis
630 1920 722 1982 etiarn
734 1920 836 1983 scrius
851 1936 1037 1983 concursum
1048 1927 1106 1982 est

125 2002 185 2064 sed
197 2002 328 2064 Romani
349 2018 412 2064 nnn
426 2001 465 2064 ab
478 2001 527 2064 his
540 2009 670 2076 tantum,
692 2019 763 2065 cum
783 2003 896 2080 quibus
918 2010 1107 2067 contractum

125 2093 280 2148 certamen
295 2093 374 2161 erat,
399 2087 458 2148 sed
472 2087 565 2148 multo
580 2086 677 2162 magis
692 2088 731 2148 ab
747 2102 785 2148 ea
798 2087 1003 2162 multitudine,
1026 2103 1106 2164 quae

124 2169 322 2247 dispositam
342 2169 477 2231 turribus
491 2170 606 2244 stabat,
631 2168 715 2231 omni
729 2185 842 2245 genere
856 2168 1017 2232 missilium
1030 2172 1107 2232 telc-

124 2270 193 2316 runr
214 2270 252 2316 ac
272 2253 357 2314 saxis
377 2252 509 2314 maxime
523 2253 770 2314 vulnerabantur.
797 2253 850 2314 ubi
864 2253 994 2330 propius
1008 2253 1107 2330 ripam

125 2337 260 2400 bostiam
275 2337 440 2410 subissent,
456 2336 614 2398 tormentis
627 2335 725 2398 missa
738 2336 830 2398 etiam
845 2337 885 2398 ad
898 2335 1022 2398 ultimos
1035 2352 1105 2413 per-

124 2421 299 2484 veniebant.
327 2421 421 2482 mrdto
443 2420 581 2497 pluribus
603 2435 641 2482 co
662 2420 713 2482 die
735 2417 858 2481 arnissis
882 2420 992 2482 consul
1012 2421 1105 2498 paulo

125 2503 450 2581 seriusrecepitsuos.
472 2505 561 2566 tertio
573 2501 624 2564 die
634 2505 753 2579 proelio
765 2503 921 2578 abstinuit,
936 2503 1105 2580 degressus

126 2589 270 2651 adimam
283 2595 402 2664 partem
417 2595 595 2662 castromm‚
613 2588 704 2649 veluti
716 2602 772 2664 per
782 2587 936 2648 devexum
946 2587 1104 2649 brachium

125 2673 287 2734 transitum
301 2677 512 2745 temptaturus.
534 2669 676 2745 Perseus,
691 2670 775 2746 quod
790 2671 822 2730 in
836 2672 935 2732 nemis
950 2679 1016 2731 crat

125 2837 259 2900 XXXVI.
281 2835 353 2896 anni
367 2841 440 2910 post
454 2835 668 2894 circumactum
683 2834 845 2896 solstitium
860 2842 934 2909 crat,
954 2835 1031 2894 bora
1044 2835 1106 2896 diei

126 2921 186 2984 iem
206 2921 248 2983 ad
268 2918 425 2982 meridiem
439 2918 601 2992 vergebat,
621 2917 679 2978 iter
698 2918 792 2979 multo
806 2920 934 2995 pulvere
948 2925 979 2979 et
993 2919 1106 2980 incele-

126 3013 233 3067 scenta
248 3005 315 3067 sole
329 3005 442 3065 iactum
456 3009 532 3063 erat.
553 3001 703 3062 lassitudo
718 3007 749 3062 et
759 3001 825 3066 sitis
836 3002 897 3064 iam
908 3002 1113 3078 sentiebatun'

127 3095 159 3150 et
190 3089 358 3148 meridiano
384 3093 474 3148 aestu
497 3085 596 3161 magis
620 3100 820 3148 accessurum
844 3093 1008 3162 utrumque
1032 3102 1112 3148 mox.

128 3171 306 3248 apparebat
328 3171 432 3233 statuit
446 3169 492 3231 sic
506 3170 645 3232 adfectos
660 3168 775 3231 recenti
790 3177 882 3247 atque
893 3169 1011 3246 integro
1022 3169 1105 3230 hosti

129 3272 191 3318 non
206 3254 342 3316 obicere=
364 3253 423 3314 sed
441 3260 544 3314 tantus
566 3256 658 3317 ardor
671 3255 701 3315 in
717 3251 884 3316 enimisad
897 3252 1105 3315 dimicandum

128 3339 281 3416 utrimque
301 3343 381 3411 erat,
401 3341 436 3398 ut
456 3339 575 3398 consuli
595 3355 658 3401 non
677 3338 796 3400 minore
816 3346 880 3400 arte
895 3336 935 3397 ad
949 3351 1025 3396 suos
1040 3335 1105 3394 elu-

128 3424 249 3486 dendos
265 3437 357 3499 quam
370 3419 412 3480 ed
423 3417 531 3480 hostes
546 3439 626 3498 opus
641 3428 733 3484 esset.
755 3421 891 3482 nondum
906 3418 1048 3480 omnibus
1059 3417 1105 3475 in·

129 3508 251 3572 structis
266 3503 398 3570 instabat
411 3501 539 3566 tribunis
553 3506 688 3579 militum,
703 3513 736 3566 ut
749 3509 935 3625 maturarent
944 3502 1107 3578 instruere,

844 3594 878 3648 16
