<?xml version="1.0" encoding="UTF-8"?>
<!DOCTYPE html PUBLIC "-//W3C//DTD XHTML 1.0 Transitional//EN"
    "http://www.w3.org/TR/xhtml1/DTD/xhtml1-transitional.dtd">
<html xmlns="http://www.w3.org/1999/xhtml" xml:lang="en" lang="en">
 <head>
  <title>
</title>
<meta http-equiv="Content-Type" content="text/html;charset=utf-8" />
  <meta name='ocr-system' content='tesseract 3.04.00' />
  <meta name='ocr-capabilities' content='ocr_page ocr_carea ocr_par ocr_line ocrx_word'/>
</head>
<body>
  <div class='ocr_page' id='page_1' title='image "./aburbeconditali09livygoog_0359.png"; bbox 0 0 2570 3952; ppageno 0'>
   <div class='ocr_carea' id='block_1_1' title="bbox 520 208 731 257">
    <p class='ocr_par' dir='ltr' id='par_1_1' title="bbox 520 208 731 257">
     <span class='ocr_line' id='line_1_1' title="bbox 520 208 731 257; baseline -0.009 0"><span class='ocrx_word' id='word_1_1' title='bbox 520 208 731 257; x_wconf 76' lang='lat' dir='ltr'><strong>FRAGMENTA.</strong></span> 
     </span>
    </p>
   </div>
   <div class='ocr_carea' id='block_1_2' title="bbox 125 358 1107 1250">
    <p class='ocr_par' dir='ltr' id='par_1_2' title="bbox 125 358 1107 1250">
     <span class='ocr_line' id='line_1_2' title="bbox 518 358 716 410; baseline -0.01 -2"><span class='ocrx_word' id='word_1_2' title='bbox 518 359 564 408; x_wconf 77' lang='lat' dir='ltr'><strong>Ex</strong></span> <span class='ocrx_word' id='word_1_3' title='bbox 581 359 622 408; x_wconf 77' lang='lat' dir='ltr'><strong>lib.</strong></span> <span class='ocrx_word' id='word_1_4' title='bbox 643 358 716 410; x_wconf 85' lang='lat' dir='ltr'><em>GIII.</em></span> 
     </span>
     <span class='ocr_line' id='line_1_3' title="bbox 179 426 947 493; baseline 0.005 -21"><span class='ocrx_word' id='word_1_5' title='bbox 179 431 214 485; x_wconf 77' lang='grc'><strong>27)</strong></span> <span class='ocrx_word' id='word_1_6' title='bbox 231 426 374 477; x_wconf 77' lang='lat' dir='ltr'>Horrendus</span> <span class='ocrx_word' id='word_1_7' title='bbox 393 429 474 492; x_wconf 86' lang='lat' dir='ltr'><strong>magis</strong></span> <span class='ocrx_word' id='word_1_8' title='bbox 489 440 535 492; x_wconf 87' lang='lat' dir='ltr'><strong>est,</strong></span> <span class='ocrx_word' id='word_1_9' title='bbox 553 428 654 491; x_wconf 81' lang='lat' dir='ltr'><strong>perimit</strong></span> <span class='ocrx_word' id='word_1_10' title='bbox 671 429 714 490; x_wconf 92' lang='lat' dir='ltr'><strong>qui</strong></span> <span class='ocrx_word' id='word_1_11' title='bbox 728 441 843 493; x_wconf 79' lang='lat' dir='ltr'><strong>corpora,</strong></span> <span class='ocrx_word' id='word_1_12' title='bbox 862 427 947 477; x_wconf 85' lang='lat' dir='ltr'><strong>narbo.</strong></span> 
     </span>
     <span class='ocr_line' id='line_1_4' title="bbox 230 495 832 560; baseline 0 -16"><span class='ocrx_word' id='word_1_13' title='bbox 230 495 283 544; x_wconf 88' lang='lat' dir='ltr'><strong>Urit</strong></span> <span class='ocrx_word' id='word_1_14' title='bbox 300 495 342 544; x_wconf 88' lang='lat' dir='ltr'><strong>lrio</strong></span> <span class='ocrx_word' id='word_1_15' title='bbox 361 497 481 558; x_wconf 81' lang='lat' dir='ltr'><strong>inclusus,</strong></span> <span class='ocrx_word' id='word_1_16' title='bbox 501 496 589 545; x_wconf 83' lang='lat' dir='ltr'><strong>vitalia</strong></span> <span class='ocrx_word' id='word_1_17' title='bbox 604 498 699 560; x_wconf 78' lang='lat' dir='ltr'><strong>rumpit</strong></span> <span class='ocrx_word' id='word_1_18' title='bbox 716 506 832 560; x_wconf 87' lang='lat' dir='ltr'><strong>apertus:</strong></span> 
     </span>
     <span class='ocr_line' id='line_1_5' title="bbox 228 563 922 630; baseline 0.003 -18"><span class='ocrx_word' id='word_1_19' title='bbox 228 563 298 612; x_wconf 86' lang='lat' dir='ltr'><strong>Hunc</strong></span> <span class='ocrx_word' id='word_1_20' title='bbox 314 572 412 614; x_wconf 85' lang='lat' dir='ltr'><strong>veteres</strong></span> <span class='ocrx_word' id='word_1_21' title='bbox 430 565 555 627; x_wconf 86' lang='lat' dir='ltr'><strong>qnondam</strong></span> <span class='ocrx_word' id='word_1_22' title='bbox 574 565 650 614; x_wconf 89' lang='lat' dir='ltr'><strong>variis</strong></span> <span class='ocrx_word' id='word_1_23' title='bbox 668 565 788 630; x_wconf 83' lang='lat' dir='ltr'><strong>pepulere</strong></span> <span class='ocrx_word' id='word_1_24' title='bbox 807 563 922 614; x_wconf 85' lang='lat' dir='ltr'><strong>medelis.</strong></span> 
     </span>
     <span class='ocr_line' id='line_1_6' title="bbox 230 633 863 696; baseline 0.002 -15"><span class='ocrx_word' id='word_1_25' title='bbox 230 633 313 681; x_wconf 84' lang='lat' dir='ltr'><strong>Tertia</strong></span> <span class='ocrx_word' id='word_1_26' title='bbox 331 647 439 696; x_wconf 87' lang='lat' dir='ltr'><strong>namque</strong></span> <span class='ocrx_word' id='word_1_27' title='bbox 456 633 507 682; x_wconf 87' lang='lat' dir='ltr'><strong>Titi</strong></span> <span class='ocrx_word' id='word_1_28' title='bbox 523 633 597 682; x_wconf 91' lang='lat' dir='ltr'><strong>simul</strong></span> <span class='ocrx_word' id='word_1_29' title='bbox 616 642 640 682; x_wconf 90' lang='lat' dir='ltr'><strong>et</strong></span> <span class='ocrx_word' id='word_1_30' title='bbox 658 635 793 684; x_wconf 85' lang='lat' dir='ltr'><strong>centesima</strong></span> <span class='ocrx_word' id='word_1_31' title='bbox 808 634 863 682; x_wconf 88' lang='lat' dir='ltr'><strong>Livi</strong></span> 
     </span>
     <span class='ocr_line' id='line_1_7' title="bbox 230 697 869 761; baseline 0 -10"><span class='ocrx_word' id='word_1_32' title='bbox 230 701 321 751; x_wconf 82' lang='lat' dir='ltr'><strong>Charta</strong></span> <span class='ocrx_word' id='word_1_33' title='bbox 338 697 420 761; x_wconf 80' lang='lat' dir='ltr'><strong>docet,</strong></span> <span class='ocrx_word' id='word_1_34' title='bbox 440 703 505 753; x_wconf 84' lang='lat' dir='ltr'><strong>ferro</strong></span> <span class='ocrx_word' id='word_1_35' title='bbox 522 703 598 752; x_wconf 89' lang='lat' dir='ltr'><strong>talem</strong></span> <span class='ocrx_word' id='word_1_36' title='bbox 616 703 738 752; x_wconf 86' lang='lat' dir='ltr'><strong>candente</strong></span> <span class='ocrx_word' id='word_1_37' title='bbox 757 703 869 753; x_wconf 85' lang='lat' dir='ltr'><strong>dolorem</strong></span> 
     </span>
     <span class='ocr_line' id='line_1_8' title="bbox 229 771 899 836; baseline -0.001 -16"><span class='ocrx_word' id='word_1_38' title='bbox 229 771 374 830; x_wconf 83' lang='lat' dir='ltr'><strong>Exsectnm,</strong></span> <span class='ocrx_word' id='word_1_39' title='bbox 392 780 436 821; x_wconf 87' lang='lat' dir='ltr'><strong>ant</strong></span> <span class='ocrx_word' id='word_1_40' title='bbox 453 779 513 835; x_wconf 90' lang='lat' dir='ltr'><strong>potu</strong></span> <span class='ocrx_word' id='word_1_41' title='bbox 532 787 652 836; x_wconf 87' lang='lat' dir='ltr'><strong>raporum</strong></span> <span class='ocrx_word' id='word_1_42' title='bbox 670 772 766 821; x_wconf 87' lang='lat' dir='ltr'><strong>semine</strong></span> <span class='ocrx_word' id='word_1_43' title='bbox 783 771 899 836; x_wconf 87' lang='lat' dir='ltr'><strong>pulsum:</strong></span> 
     </span>
     <span class='ocr_line' id='line_1_9' title="bbox 227 839 799 904; baseline 0.002 -17"><span class='ocrx_word' id='word_1_44' title='bbox 227 839 316 888; x_wconf 89' lang='lat' dir='ltr'><strong>inlecti</strong></span> <span class='ocrx_word' id='word_1_45' title='bbox 334 841 420 891; x_wconf 88' lang='lat' dir='ltr'><strong>dicens</strong></span> <span class='ocrx_word' id='word_1_46' title='bbox 438 841 482 890; x_wconf 84' lang='lat' dir='ltr'><strong>vix</strong></span> <span class='ocrx_word' id='word_1_47' title='bbox 500 850 598 904; x_wconf 87' lang='lat' dir='ltr'><strong>septem</strong></span> <span class='ocrx_word' id='word_1_48' title='bbox 614 854 691 904; x_wconf 87' lang='lat' dir='ltr'><strong>posse</strong></span> <span class='ocrx_word' id='word_1_49' title='bbox 710 841 799 890; x_wconf 86' lang='lat' dir='ltr'><strong>diebus</strong></span> 
     </span>
     <span class='ocr_line' id='line_1_10' title="bbox 227 909 837 974; baseline 0.002 -17"><span class='ocrx_word' id='word_1_50' title='bbox 227 910 311 957; x_wconf 88' lang='lat' dir='ltr'><strong>Vitam</strong></span> <span class='ocrx_word' id='word_1_51' title='bbox 329 909 449 974; x_wconf 81' lang='lat' dir='ltr'><strong>produci.</strong></span> <span class='ocrx_word' id='word_1_52' title='bbox 469 917 538 958; x_wconf 89' lang='lat' dir='ltr'><strong>tanta</strong></span> <span class='ocrx_word' id='word_1_53' title='bbox 556 917 594 956; x_wconf 90' lang='lat' dir='ltr'><strong>est</strong></span> <span class='ocrx_word' id='word_1_54' title='bbox 611 909 731 958; x_wconf 87' lang='lat' dir='ltr'><strong>violentia</strong></span> <span class='ocrx_word' id='word_1_55' title='bbox 748 911 837 959; x_wconf 87' lang='lat' dir='ltr'><strong>morbi.</strong></span> 
     </span>
     <span class='ocr_line' id='line_1_11' title="bbox 125 975 946 1044; baseline 0.003 -18.137"><span class='ocrx_word' id='word_1_56' title='bbox 125 977 206 1039; x_wconf 89' lang='lat' dir='ltr'><strong>Q.</strong></span> <span class='ocrx_word' id='word_1_57' title='bbox 227 976 317 1027; x_wconf 77' lang='lat' dir='ltr'><strong>Serere.</strong></span> <span class='ocrx_word' id='word_1_58' title='bbox 333 977 433 1028; x_wconf 81' lang='lat' dir='ltr'><strong>Smoon.</strong></span> <span class='ocrx_word' id='word_1_59' title='bbox 455 979 486 1028; x_wconf 81' lang='lat' dir='ltr'><strong>de</strong></span> <span class='ocrx_word' id='word_1_60' title='bbox 505 977 600 1028; x_wconf 83' lang='lat' dir='ltr'><strong>Medic.</strong></span> <span class='ocrx_word' id='word_1_61' title='bbox 619 993 675 1040; x_wconf 85' lang='lat' dir='ltr'><strong>cap.</strong></span> <span class='ocrx_word' id='word_1_62' title='bbox 693 975 736 1029; x_wconf 79' lang='lat'><strong>39</strong></span> <span class='ocrx_word' id='word_1_63' title='bbox 756 995 791 1028; x_wconf 86' lang='lat' dir='ltr'><strong>os.</strong></span> <span class='ocrx_word' id='word_1_64' title='bbox 810 975 870 1030; x_wconf 74' lang='lat'><strong>725.</strong></span> <span class='ocrx_word' id='word_1_65' title='bbox 890 995 946 1044; x_wconf 85' lang='lat' dir='ltr'><strong>sqq.</strong></span> 
     </span>
     <span class='ocr_line' id='line_1_12' title="bbox 406 1043 729 1097; baseline 0.003 -1"><span class='ocrx_word' id='word_1_66' title='bbox 406 1050 408 1056; x_wconf 80' lang='lat'><em>&#39;</em></span> <span class='ocrx_word' id='word_1_67' title='bbox 497 1043 577 1096; x_wconf 69' lang='lat' dir='ltr'><strong>*Ero</strong></span> <span class='ocrx_word' id='word_1_68' title='bbox 594 1045 637 1096; x_wconf 86' lang='lat' dir='ltr'><strong>lib</strong></span> <span class='ocrx_word' id='word_1_69' title='bbox 658 1047 729 1097; x_wconf 80' lang='lat' dir='ltr'><strong>orV.</strong></span> 
     </span>
     <span class='ocr_line' id='line_1_13' title="bbox 176 1115 1107 1181; baseline 0.001 -19.001"><span class='ocrx_word' id='word_1_70' title='bbox 176 1121 210 1171; x_wconf 79' lang='lat' dir='ltr'><strong>ts)</strong></span> <span class='ocrx_word' id='word_1_71' title='bbox 230 1115 366 1180; x_wconf 87' lang='lat' dir='ltr'><strong>Pompeius</strong></span> <span class='ocrx_word' id='word_1_72' title='bbox 391 1115 501 1178; x_wconf 91' lang='lat' dir='ltr'><strong>quinque</strong></span> <span class='ocrx_word' id='word_1_73' title='bbox 523 1117 596 1164; x_wconf 86' lang='lat' dir='ltr'><strong>annis</strong></span> <span class='ocrx_word' id='word_1_74' title='bbox 617 1115 665 1164; x_wconf 83' lang='lat' dir='ltr'><strong>init</strong></span> <span class='ocrx_word' id='word_1_75' title='bbox 682 1117 827 1181; x_wconf 77' lang='lat' dir='ltr'><strong>praefectus</strong></span> <span class='ocrx_word' id='word_1_76' title='bbox 847 1131 975 1176; x_wconf 75' lang='lat' dir='ltr'><strong>munnae,</strong></span> <span class='ocrx_word' id='word_1_77' title='bbox 1000 1125 1024 1166; x_wconf 87' lang='lat' dir='ltr'><strong>ct</strong></span> <span class='ocrx_word' id='word_1_78' title='bbox 1043 1115 1107 1164; x_wconf 78' lang='lat' dir='ltr'><strong>illua</strong></span> 
     </span>
     <span class='ocr_line' id='line_1_14' title="bbox 125 1183 1105 1250; baseline -0.001 -18"><span class='ocrx_word' id='word_1_79' title='bbox 125 1184 237 1232; x_wconf 76' lang='lat' dir='ltr'><strong>officium</strong></span> <span class='ocrx_word' id='word_1_80' title='bbox 255 1183 387 1248; x_wconf 87' lang='lat' dir='ltr'><strong>usurpavit</strong></span> <span class='ocrx_word' id='word_1_81' title='bbox 403 1186 596 1246; x_wconf 88' lang='lat' dir='ltr'><strong>superveniente</strong></span> <span class='ocrx_word' id='word_1_82' title='bbox 613 1185 681 1232; x_wconf 85' lang='lat' dir='ltr'><strong>lame</strong></span> <span class='ocrx_word' id='word_1_83' title='bbox 699 1199 746 1234; x_wconf 87' lang='lat' dir='ltr'><strong>nec</strong></span> <span class='ocrx_word' id='word_1_84' title='bbox 764 1193 816 1235; x_wconf 85' lang='lat' dir='ltr'><strong>erat</strong></span> <span class='ocrx_word' id='word_1_85' title='bbox 830 1185 889 1250; x_wconf 83' lang='lat' dir='ltr'><strong>vile,</strong></span> <span class='ocrx_word' id='word_1_86' title='bbox 909 1200 966 1235; x_wconf 89' lang='lat' dir='ltr'><strong>oum</strong></span> <span class='ocrx_word' id='word_1_87' title='bbox 980 1185 1046 1235; x_wconf 86' lang='lat' dir='ltr'><strong>dicat</strong></span> <span class='ocrx_word' id='word_1_88' title='bbox 1063 1183 1105 1232; x_wconf 90' lang='lat' dir='ltr'><strong>Li-</strong></span> 
     </span>
    </p>
   </div>
   <div class='ocr_carea' id='block_1_3' title="bbox 126 1250 1185 1318">
    <p class='ocr_par' dir='ltr' id='par_1_3' title="bbox 126 1250 1185 1318">
     <span class='ocr_line' id='line_1_15' title="bbox 126 1250 1185 1318; baseline 0 -19"><span class='ocrx_word' id='word_1_89' title='bbox 126 1255 195 1302; x_wconf 83' lang='lat' dir='ltr'><strong>vius:</strong></span> <span class='ocrx_word' id='word_1_90' title='bbox 219 1252 241 1300; x_wconf 90' lang='lat' dir='ltr'><strong>si</strong></span> <span class='ocrx_word' id='word_1_91' title='bbox 259 1253 316 1313; x_wconf 90' lang='lat' dir='ltr'><strong>quis</strong></span> <span class='ocrx_word' id='word_1_92' title='bbox 333 1252 461 1313; x_wconf 84' lang='lat' dir='ltr'><strong>qnondam</strong></span> <span class='ocrx_word' id='word_1_93' title='bbox 478 1266 604 1302; x_wconf 75' lang='lat' dir='ltr'><strong>annonam</strong></span> <span class='ocrx_word' id='word_1_94' title='bbox 621 1253 648 1301; x_wconf 91' lang='lat' dir='ltr'><strong>in</strong></span> <span class='ocrx_word' id='word_1_95' title='bbox 666 1255 729 1302; x_wconf 85' lang='lat' dir='ltr'><strong>urbe</strong></span> <span class='ocrx_word' id='word_1_96' title='bbox 746 1255 900 1314; x_wconf 83' lang='lat' dir='ltr'><strong>factitasset,</strong></span> <span class='ocrx_word' id='word_1_97' title='bbox 919 1267 1012 1318; x_wconf 83' lang='lat' dir='ltr'><strong>magna</strong></span> <span class='ocrx_word' id='word_1_98' title='bbox 1027 1250 1105 1302; x_wconf 89' lang='lat' dir='ltr'><strong>habe&#39;-</strong></span> <span class='ocrx_word' id='word_1_99' title='bbox 1181 1293 1185 1299; x_wconf 93' lang='lat'><strong>.</strong></span> 
     </span>
    </p>
   </div>
   <div class='ocr_carea' id='block_1_4' title="bbox 124 1319 1106 2068">
    <p class='ocr_par' dir='ltr' id='par_1_4' title="bbox 124 1319 1106 1645">
     <span class='ocr_line' id='line_1_16' title="bbox 126 1319 1106 1382; baseline 0 -13"><span class='ocrx_word' id='word_1_100' title='bbox 126 1322 210 1378; x_wconf 67' lang='lat' dir='ltr'><strong>batum</strong></span> <span class='ocrx_word' id='word_1_101' title='bbox 237 1334 284 1370; x_wconf 92' lang='lat' dir='ltr'><strong>nec</strong></span> <span class='ocrx_word' id='word_1_102' title='bbox 305 1320 445 1378; x_wconf 85' lang='lat' dir='ltr'><strong>immerito,</strong></span> <span class='ocrx_word' id='word_1_103' title='bbox 473 1322 534 1382; x_wconf 90' lang='lat' dir='ltr'><strong>quia</strong></span> <span class='ocrx_word' id='word_1_104' title='bbox 552 1322 632 1370; x_wconf 89' lang='lat' dir='ltr'><strong>Roma</strong></span> <span class='ocrx_word' id='word_1_105' title='bbox 652 1321 753 1370; x_wconf 80' lang='lat' dir='ltr'><strong>uolebat</strong></span> <span class='ocrx_word' id='word_1_106' title='bbox 778 1323 845 1371; x_wconf 89' lang='lat' dir='ltr'><strong>omni</strong></span> <span class='ocrx_word' id='word_1_107' title='bbox 867 1321 908 1370; x_wconf 88' lang='lat' dir='ltr'><strong>die</strong></span> <span class='ocrx_word' id='word_1_108' title='bbox 925 1319 1017 1370; x_wconf 88' lang='lat' dir='ltr'>LXXX</span> <span class='ocrx_word' id='word_1_109' title='bbox 1035 1321 1106 1370; x_wconf 89' lang='lat' dir='ltr'><strong>milia</strong></span> 
     </span>
     <span class='ocr_line' id='line_1_17' title="bbox 126 1389 1103 1453; baseline 0.001 -16"><span class='ocrx_word' id='word_1_110' title='bbox 126 1389 267 1438; x_wconf 88' lang='lat' dir='ltr'><strong>modiorum</strong></span> <span class='ocrx_word' id='word_1_111' title='bbox 291 1402 418 1436; x_wconf 87' lang='lat' dir='ltr'><strong>annonae:</strong></span> <span class='ocrx_word' id='word_1_112' title='bbox 440 1394 464 1435; x_wconf 89' lang='lat' dir='ltr'><strong>et</strong></span> <span class='ocrx_word' id='word_1_113' title='bbox 481 1389 518 1436; x_wconf 89' lang='lat' dir='ltr'><strong>sic</strong></span> <span class='ocrx_word' id='word_1_114' title='bbox 532 1403 578 1453; x_wconf 89' lang='lat' dir='ltr'><strong>per</strong></span> <span class='ocrx_word' id='word_1_115' title='bbox 595 1389 643 1437; x_wconf 88' lang='lat' dir='ltr'><strong>hoc</strong></span> <span class='ocrx_word' id='word_1_116' title='bbox 662 1391 794 1450; x_wconf 89' lang='lat' dir='ltr'><strong>acquisivit</strong></span> <span class='ocrx_word' id='word_1_117' title='bbox 812 1389 860 1438; x_wconf 90' lang='lat' dir='ltr'><strong>sibi</strong></span> <span class='ocrx_word' id='word_1_118' title='bbox 879 1389 972 1438; x_wconf 89' lang='lat' dir='ltr'><strong>multos</strong></span> <span class='ocrx_word' id='word_1_119' title='bbox 990 1389 1103 1438; x_wconf 86' lang='lat' dir='ltr'><strong>clientes.</strong></span> 
     </span>
     <span class='ocr_line' id='line_1_18' title="bbox 124 1455 1105 1524; baseline 0 -18"><span class='ocrx_word' id='word_1_120' title='bbox 124 1457 256 1506; x_wconf 68' lang='lat' dir='ltr'><strong>Salentinae.</strong></span> <span class='ocrx_word' id='word_1_121' title='bbox 275 1463 322 1506; x_wconf 83' lang='lat' dir='ltr'><strong>oet.</strong></span> <span class='ocrx_word' id='word_1_122' title='bbox 348 1457 449 1506; x_wconf 83' lang='lat' dir='ltr'><strong>Lucani</strong></span> <span class='ocrx_word' id='word_1_123' title='bbox 469 1457 506 1504; x_wconf 84' lang='lat' dir='ltr'><strong>ad</strong></span> <span class='ocrx_word' id='word_1_124' title='bbox 525 1457 618 1506; x_wconf 80' lang='lat' dir='ltr'><strong>Piera.</strong></span> <span class='ocrx_word' id='word_1_125' title='bbox 637 1456 666 1519; x_wconf 90' lang='grc' dir='ltr'><strong>Ι,</strong></span> <span class='ocrx_word' id='word_1_126' title='bbox 684 1455 744 1508; x_wconf 80' lang='grc'><strong>319.</strong></span> <span class='ocrx_word' id='word_1_127' title='bbox 768 1459 802 1522; x_wconf 83' lang='lat' dir='ltr'><strong>cf.</strong></span> <span class='ocrx_word' id='word_1_128' title='bbox 830 1455 925 1508; x_wconf 83' lang='lat' dir='ltr'><strong>Ottom‘a</strong></span> <span class='ocrx_word' id='word_1_129' title='bbox 947 1459 1058 1524; x_wconf 62' lang='lat' dir='ltr'><strong>Disponis.</strong></span> <span class='ocrx_word' id='word_1_130' title='bbox 1080 1460 1105 1506; x_wconf 84' lang='lat' dir='ltr'><strong>ia</strong></span> 
     </span>
     <span class='ocr_line' id='line_1_19' title="bbox 126 1525 653 1588; baseline -0.002 -13"><span class='ocrx_word' id='word_1_131' title='bbox 126 1527 191 1575; x_wconf 75' lang='lat' dir='ltr'><strong>Arna</strong></span> <span class='ocrx_word' id='word_1_132' title='bbox 212 1525 359 1578; x_wconf 78' lang='lat' dir='ltr'><strong>Damnstad.</strong></span> <span class='ocrx_word' id='word_1_133' title='bbox 379 1527 425 1574; x_wconf 83' lang='lat' dir='ltr'><strong>nol.</strong></span> <span class='ocrx_word' id='word_1_134' title='bbox 450 1525 528 1576; x_wconf 90' lang='lat' dir='ltr'><em>VIII.</em></span> <span class='ocrx_word' id='word_1_135' title='bbox 545 1541 573 1588; x_wconf 83' lang='lat' dir='ltr'><strong>p.</strong></span> <span class='ocrx_word' id='word_1_136' title='bbox 593 1525 653 1575; x_wconf 68' lang='lat' dir='ltr'><strong>sla.</strong></span> 
     </span>
     <span class='ocr_line' id='line_1_20' title="bbox 506 1593 720 1645; baseline -0.005 -1"><span class='ocrx_word' id='word_1_137' title='bbox 506 1593 585 1644; x_wconf 63' lang='lat' dir='ltr'><strong>*Ere</strong></span> <span class='ocrx_word' id='word_1_138' title='bbox 603 1595 643 1644; x_wconf 78' lang='lat' dir='ltr'><strong>tio.</strong></span> <span class='ocrx_word' id='word_1_139' title='bbox 665 1596 720 1645; x_wconf 83' lang='lat' dir='ltr'><strong>CV.</strong></span> 
     </span>
    </p>

    <p class='ocr_par' dir='ltr' id='par_1_5' title="bbox 125 1661 1105 1865">
     <span class='ocr_line' id='line_1_21' title="bbox 175 1661 1105 1726; baseline 0.001 -13"><span class='ocrx_word' id='word_1_140' title='bbox 175 1672 208 1720; x_wconf 76' lang='lat' dir='ltr'><strong>tsi</strong></span> <span class='ocrx_word' id='word_1_141' title='bbox 228 1665 343 1716; x_wconf 86' lang='lat' dir='ltr'><strong>Formam</strong></span> <span class='ocrx_word' id='word_1_142' title='bbox 367 1663 445 1712; x_wconf 89' lang='lat' dir='ltr'><strong>totins</strong></span> <span class='ocrx_word' id='word_1_143' title='bbox 463 1661 607 1714; x_wconf 76' lang='lat' dir='ltr'><strong>Britanniae</strong></span> <span class='ocrx_word' id='word_1_144' title='bbox 622 1664 709 1714; x_wconf 86' lang='lat' dir='ltr'><strong>Livius</strong></span> <span class='ocrx_word' id='word_1_145' title='bbox 722 1675 850 1726; x_wconf 84' lang='lat' dir='ltr'><strong>veterum,</strong></span> <span class='ocrx_word' id='word_1_146' title='bbox 874 1666 968 1716; x_wconf 86' lang='lat' dir='ltr'><strong>Fabius</strong></span> <span class='ocrx_word' id='word_1_147' title='bbox 986 1667 1105 1714; x_wconf 76' lang='lat' dir='ltr'><strong>Rusticus</strong></span> 
     </span>
     <span class='ocr_line' id='line_1_22' title="bbox 125 1733 1103 1800; baseline -0.001 -17"><span class='ocrx_word' id='word_1_148' title='bbox 125 1735 277 1792; x_wconf 85' lang='lat' dir='ltr'><strong>recentium,</strong></span> <span class='ocrx_word' id='word_1_149' title='bbox 304 1733 503 1794; x_wconf 82' lang='lat' dir='ltr'><strong>eloquentissimi</strong></span> <span class='ocrx_word' id='word_1_150' title='bbox 522 1743 651 1790; x_wconf 89' lang='lat' dir='ltr'><strong>auctores,</strong></span> <span class='ocrx_word' id='word_1_151' title='bbox 670 1733 795 1800; x_wconf 84' lang='lat' dir='ltr'><strong>oblongae</strong></span> <span class='ocrx_word' id='word_1_152' title='bbox 813 1735 929 1784; x_wconf 88' lang='lat' dir='ltr'><strong>scutulae</strong></span> <span class='ocrx_word' id='word_1_153' title='bbox 947 1734 985 1784; x_wconf 87' lang='lat' dir='ltr'><strong>vel</strong></span> <span class='ocrx_word' id='word_1_154' title='bbox 1002 1735 1103 1800; x_wconf 87' lang='lat' dir='ltr'><strong>bipenni</strong></span> 
     </span>
     <span class='ocr_line' id='line_1_23' title="bbox 125 1800 672 1865; baseline -0.005 -13"><span class='ocrx_word' id='word_1_155' title='bbox 125 1802 312 1852; x_wconf 87' lang='lat' dir='ltr'><strong>assimulavere.</strong></span> <span class='ocrx_word' id='word_1_156' title='bbox 345 1800 425 1850; x_wconf 80' lang='lat' dir='ltr'><strong>Tacit.</strong></span> <span class='ocrx_word' id='word_1_157' title='bbox 445 1801 534 1865; x_wconf 78' lang='lat' dir='ltr'><strong>Aprio.</strong></span> <span class='ocrx_word' id='word_1_158' title='bbox 553 1817 609 1865; x_wconf 84' lang='lat' dir='ltr'><strong>cap.</strong></span> <span class='ocrx_word' id='word_1_159' title='bbox 631 1801 672 1852; x_wconf 87' lang='lat'><strong>10.</strong></span> 
     </span>
    </p>

    <p class='ocr_par' dir='ltr' id='par_1_6' title="bbox 126 1869 1104 2068">
     <span class='ocr_line' id='line_1_24' title="bbox 176 1869 1104 1935; baseline -0.001 -18"><span class='ocrx_word' id='word_1_160' title='bbox 176 1876 210 1925; x_wconf 79' lang='lat' dir='ltr'><strong>tu)</strong></span> <span class='ocrx_word' id='word_1_161' title='bbox 229 1869 372 1920; x_wconf 85' lang='lat' dir='ltr'><strong>Britanniae</strong></span> <span class='ocrx_word' id='word_1_162' title='bbox 389 1869 446 1918; x_wconf 86' lang='lat' dir='ltr'><strong>licet</strong></span> <span class='ocrx_word' id='word_1_163' title='bbox 461 1871 662 1935; x_wconf 86' lang='lat' dir='ltr'><strong>magnitudinem</strong></span> <span class='ocrx_word' id='word_1_164' title='bbox 679 1870 739 1918; x_wconf 90' lang='lat' dir='ltr'><strong>olim</strong></span> <span class='ocrx_word' id='word_1_165' title='bbox 756 1884 845 1929; x_wconf 90' lang='lat' dir='ltr'><strong>nemo,</strong></span> <span class='ocrx_word' id='word_1_166' title='bbox 869 1879 897 1919; x_wconf 92' lang='lat' dir='ltr'><strong>nt</strong></span> <span class='ocrx_word' id='word_1_167' title='bbox 914 1870 991 1920; x_wconf 78' lang='lat' dir='ltr'><strong>refert</strong></span> <span class='ocrx_word' id='word_1_168' title='bbox 1008 1869 1104 1928; x_wconf 88' lang='lat' dir='ltr'><strong>Livius,</strong></span> 
     </span>
     <span class='ocr_line' id='line_1_25' title="bbox 126 1937 1104 2002; baseline -0.002 -14"><span class='ocrx_word' id='word_1_169' title='bbox 126 1944 305 1988; x_wconf 83' lang='lat' dir='ltr'><strong>circumvectus</strong></span> <span class='ocrx_word' id='word_1_170' title='bbox 324 1947 371 1996; x_wconf 89' lang='lat' dir='ltr'><strong>est,</strong></span> <span class='ocrx_word' id='word_1_171' title='bbox 390 1938 476 1986; x_wconf 89' lang='lat' dir='ltr'><strong>multis</strong></span> <span class='ocrx_word' id='word_1_172' title='bbox 493 1948 577 1988; x_wconf 85' lang='lat' dir='ltr'><strong>tamen</strong></span> <span class='ocrx_word' id='word_1_173' title='bbox 590 1939 647 1988; x_wconf 84' lang='lat' dir='ltr'><strong>data</strong></span> <span class='ocrx_word' id='word_1_174' title='bbox 660 1949 698 1987; x_wconf 87' lang='lat' dir='ltr'><strong>est</strong></span> <span class='ocrx_word' id='word_1_175' title='bbox 711 1939 780 1988; x_wconf 88' lang='lat' dir='ltr'><strong>varia</strong></span> <span class='ocrx_word' id='word_1_176' title='bbox 790 1939 876 2002; x_wconf 88' lang='lat' dir='ltr'><strong>opinio</strong></span> <span class='ocrx_word' id='word_1_177' title='bbox 889 1939 920 1988; x_wconf 82' lang='lat' dir='ltr'><strong>de</strong></span> <span class='ocrx_word' id='word_1_178' title='bbox 933 1954 963 1988; x_wconf 91' lang='lat' dir='ltr'><strong>ea</strong></span> <span class='ocrx_word' id='word_1_179' title='bbox 974 1937 1104 2002; x_wconf 89' lang='lat' dir='ltr'><strong>loquendi.</strong></span> 
     </span>
     <span class='ocr_line' id='line_1_26' title="bbox 126 2005 631 2068; baseline -0.002 -12"><span class='ocrx_word' id='word_1_180' title='bbox 126 2007 269 2057; x_wconf 70' lang='lat' dir='ltr'><strong>[ornandas</strong></span> <span class='ocrx_word' id='word_1_181' title='bbox 287 2007 411 2057; x_wconf 80' lang='lat' dir='ltr'><strong>derebus</strong></span> <span class='ocrx_word' id='word_1_182' title='bbox 430 2008 508 2057; x_wconf 73' lang='lat' dir='ltr'><strong>Getis.</strong></span> <span class='ocrx_word' id='word_1_183' title='bbox 530 2022 585 2068; x_wconf 85' lang='lat' dir='ltr'><strong>cap.</strong></span> <span class='ocrx_word' id='word_1_184' title='bbox 606 2005 631 2055; x_wconf 75' lang='lat'><strong>2.</strong></span> 
     </span>
    </p>
   </div>
   <div class='ocr_carea' id='block_1_5' title="bbox 125 2078 1165 2765">
    <p class='ocr_par' dir='ltr' id='par_1_7' title="bbox 505 2078 732 2134">
     <span class='ocr_line' id='line_1_27' title="bbox 505 2078 732 2134; baseline 0.009 -2"><span class='ocrx_word' id='word_1_185' title='bbox 505 2078 732 2134; x_wconf 70' lang='lat' dir='ltr'><strong>*salmoim</strong></span> 
     </span>
    </p>

    <p class='ocr_par' dir='ltr' id='par_1_8' title="bbox 125 2149 1165 2556">
     <span class='ocr_line' id='line_1_28' title="bbox 176 2149 1105 2218; baseline -0.002 -18"><span class='ocrx_word' id='word_1_186' title='bbox 176 2159 211 2210; x_wconf 79' lang='lat' dir='ltr'><strong>ti)</strong></span> <span class='ocrx_word' id='word_1_187' title='bbox 232 2149 460 2218; x_wconf 75' lang='lat' dir='ltr'><strong>Septingentesimo</strong></span> <span class='ocrx_word' id='word_1_188' title='bbox 484 2151 639 2202; x_wconf 88' lang='lat' dir='ltr'><strong>condicionis</strong></span> <span class='ocrx_word' id='word_1_189' title='bbox 657 2167 718 2200; x_wconf 89' lang='lat' dir='ltr'><strong>suae</strong></span> <span class='ocrx_word' id='word_1_190' title='bbox 736 2166 801 2201; x_wconf 88' lang='lat' dir='ltr'><strong>anno</strong></span> <span class='ocrx_word' id='word_1_191' title='bbox 820 2152 1018 2215; x_wconf 80' lang='lat' dir='ltr'><strong>quattuordecim</strong></span> <span class='ocrx_word' id='word_1_192' title='bbox 1035 2150 1105 2199; x_wconf 83' lang='lat' dir='ltr'><strong>vicos</strong></span> 
     </span>
     <span class='ocr_line' id='line_1_29' title="bbox 125 2219 1105 2286; baseline -0.007 -14"><span class='ocrx_word' id='word_1_193' title='bbox 125 2225 180 2272; x_wconf 87' lang='lat' dir='ltr'><strong>eius</strong></span> <span class='ocrx_word' id='word_1_194' title='bbox 198 2219 322 2286; x_wconf 88' lang='lat' dir='ltr'><strong>(Romae)</strong></span> <span class='ocrx_word' id='word_1_195' title='bbox 338 2221 460 2270; x_wconf 85' lang='lat' dir='ltr'><strong>incertum</strong></span> <span class='ocrx_word' id='word_1_196' title='bbox 482 2219 548 2268; x_wconf 88' lang='lat' dir='ltr'><strong>nnde</strong></span> <span class='ocrx_word' id='word_1_197' title='bbox 571 2235 726 2285; x_wconf 76' lang='lat' dir='ltr'><strong>consurgens</strong></span> <span class='ocrx_word' id='word_1_198' title='bbox 744 2221 846 2270; x_wconf 84' lang='lat' dir='ltr'><strong>flamma</strong></span> <span class='ocrx_word' id='word_1_199' title='bbox 864 2219 1033 2282; x_wconf 84' lang='lat' dir='ltr'><strong>consumpsit:</strong></span> <span class='ocrx_word' id='word_1_200' title='bbox 1059 2233 1105 2266; x_wconf 90' lang='lat' dir='ltr'><strong>nec</strong></span> 
     </span>
     <span class='ocr_line' id='line_1_30' title="bbox 127 2288 1165 2354; baseline -0.005 -14"><span class='ocrx_word' id='word_1_201' title='bbox 127 2305 254 2354; x_wconf 86' lang='lat' dir='ltr'><strong>umquam,</strong></span> <span class='ocrx_word' id='word_1_202' title='bbox 274 2297 301 2338; x_wconf 92' lang='lat' dir='ltr'><strong>ut</strong></span> <span class='ocrx_word' id='word_1_203' title='bbox 319 2290 354 2339; x_wconf 87' lang='lat' dir='ltr'><strong>uit</strong></span> <span class='ocrx_word' id='word_1_204' title='bbox 370 2289 468 2348; x_wconf 88' lang='lat' dir='ltr'><strong>Livius,</strong></span> <span class='ocrx_word' id='word_1_205' title='bbox 487 2289 583 2338; x_wconf 89' lang='lat' dir='ltr'><strong>maiore</strong></span> <span class='ocrx_word' id='word_1_206' title='bbox 600 2289 715 2338; x_wconf 89' lang='lat' dir='ltr'><strong>incendio</strong></span> <span class='ocrx_word' id='word_1_207' title='bbox 732 2297 830 2338; x_wconf 84' lang='lat' dir='ltr'><strong>vastate</strong></span> <span class='ocrx_word' id='word_1_208' title='bbox 849 2296 901 2347; x_wconf 80' lang='lat' dir='ltr'><strong>est3</strong></span> <span class='ocrx_word' id='word_1_209' title='bbox 926 2288 989 2338; x_wconf 84' lang='lat' dir='ltr'><strong>adeo</strong></span> <span class='ocrx_word' id='word_1_210' title='bbox 1007 2293 1035 2334; x_wconf 87' lang='lat' dir='ltr'><strong>ut</strong></span> <span class='ocrx_word' id='word_1_211' title='bbox 1047 2294 1106 2350; x_wconf 87' lang='lat' dir='ltr'><strong>post</strong></span> <span class='ocrx_word' id='word_1_212' title='bbox 1159 2304 1165 2314; x_wconf 84' lang='lat'>·</span> 
     </span>
     <span class='ocr_line' id='line_1_31' title="bbox 125 2357 1106 2423; baseline -0.008 -13"><span class='ocrx_word' id='word_1_213' title='bbox 125 2361 221 2423; x_wconf 85' lang='lat' dir='ltr'><strong>aliquot</strong></span> <span class='ocrx_word' id='word_1_214' title='bbox 239 2373 319 2408; x_wconf 91' lang='lat' dir='ltr'><strong>annos</strong></span> <span class='ocrx_word' id='word_1_215' title='bbox 337 2357 429 2407; x_wconf 84' lang='lat' dir='ltr'><strong>Caesar</strong></span> <span class='ocrx_word' id='word_1_216' title='bbox 447 2360 578 2421; x_wconf 84' lang='lat' dir='ltr'><strong>Angustus</strong></span> <span class='ocrx_word' id='word_1_217' title='bbox 597 2358 630 2407; x_wconf 90' lang='lat' dir='ltr'><strong>ad</strong></span> <span class='ocrx_word' id='word_1_218' title='bbox 645 2358 829 2422; x_wconf 87' lang='lat' dir='ltr'><strong>reparationem</strong></span> <span class='ocrx_word' id='word_1_219' title='bbox 846 2372 945 2415; x_wconf 89' lang='lat' dir='ltr'><strong>eornm,</strong></span> <span class='ocrx_word' id='word_1_220' title='bbox 962 2369 1028 2418; x_wconf 86' lang='lat' dir='ltr'><strong>quae</strong></span> <span class='ocrx_word' id='word_1_221' title='bbox 1045 2363 1106 2403; x_wconf 91' lang='lat' dir='ltr'><strong>tuno</strong></span> 
     </span>
     <span class='ocr_line' id='line_1_32' title="bbox 125 2424 1103 2493; baseline -0.008 -15"><span class='ocrx_word' id='word_1_222' title='bbox 125 2436 216 2478; x_wconf 87' lang='lat' dir='ltr'><strong>exusta</strong></span> <span class='ocrx_word' id='word_1_223' title='bbox 230 2435 308 2487; x_wconf 88' lang='lat' dir='ltr'><strong>erant,</strong></span> <span class='ocrx_word' id='word_1_224' title='bbox 327 2441 445 2493; x_wconf 84' lang='lat' dir='ltr'><strong>magnam</strong></span> <span class='ocrx_word' id='word_1_225' title='bbox 462 2426 514 2477; x_wconf 86' lang='lat' dir='ltr'><strong>vim</strong></span> <span class='ocrx_word' id='word_1_226' title='bbox 530 2428 653 2490; x_wconf 90' lang='lat' dir='ltr'><strong>pecuniae</strong></span> <span class='ocrx_word' id='word_1_227' title='bbox 669 2442 701 2477; x_wconf 83' lang='lat' dir='ltr'><strong>ex</strong></span> <span class='ocrx_word' id='word_1_228' title='bbox 717 2428 813 2476; x_wconf 86' lang='lat' dir='ltr'><strong>aerario</strong></span> <span class='ocrx_word' id='word_1_229' title='bbox 829 2425 930 2491; x_wconf 86' lang='lat' dir='ltr'><strong>publico</strong></span> <span class='ocrx_word' id='word_1_230' title='bbox 943 2425 1048 2489; x_wconf 82' lang='lat' dir='ltr'><strong>largitus</strong></span> <span class='ocrx_word' id='word_1_231' title='bbox 1061 2424 1103 2472; x_wconf 89' lang='lat' dir='ltr'><strong>sit.</strong></span> 
     </span>
     <span class='ocr_line' id='line_1_33' title="bbox 125 2494 330 2556; baseline -0.005 -8"><span class='ocrx_word' id='word_1_232' title='bbox 125 2497 198 2548; x_wconf 81' lang='lat' dir='ltr'><strong>Oros.</strong></span> <span class='ocrx_word' id='word_1_233' title='bbox 222 2496 286 2556; x_wconf 92' lang='lat' dir='ltr'><em>VII,</em></span> <span class='ocrx_word' id='word_1_234' title='bbox 305 2494 330 2547; x_wconf 74' lang='lat'><strong>9.</strong></span> 
     </span>
    </p>

    <p class='ocr_par' dir='ltr' id='par_1_9' title="bbox 125 2563 1109 2765">
     <span class='ocr_line' id='line_1_34' title="bbox 175 2563 1105 2624; baseline -0.005 -9"><span class='ocrx_word' id='word_1_235' title='bbox 175 2573 208 2621; x_wconf 71' lang='lat' dir='ltr'><strong>aa)</strong></span> <span class='ocrx_word' id='word_1_236' title='bbox 228 2566 321 2615; x_wconf 80' lang='lat' dir='ltr'><strong>Caesar</strong></span> <span class='ocrx_word' id='word_1_237' title='bbox 338 2565 467 2614; x_wconf 83' lang='lat' dir='ltr'><strong>Rubicone</strong></span> <span class='ocrx_word' id='word_1_238' title='bbox 483 2565 586 2614; x_wconf 87' lang='lat' dir='ltr'><strong>llumine</strong></span> <span class='ocrx_word' id='word_1_239' title='bbox 604 2573 767 2624; x_wconf 87' lang='lat' dir='ltr'><strong>transmeato,</strong></span> <span class='ocrx_word' id='word_1_240' title='bbox 784 2579 843 2613; x_wconf 86' lang='lat' dir='ltr'><strong>mox</strong></span> <span class='ocrx_word' id='word_1_241' title='bbox 862 2573 890 2613; x_wconf 93' lang='lat' dir='ltr'><strong>ut</strong></span> <span class='ocrx_word' id='word_1_242' title='bbox 902 2563 1045 2612; x_wconf 85' lang='lat' dir='ltr'><strong>Ariminum</strong></span> <span class='ocrx_word' id='word_1_243' title='bbox 1063 2577 1105 2610; x_wconf 90' lang='lat' dir='ltr'><strong>ve-</strong></span> 
     </span>
     <span class='ocr_line' id='line_1_35' title="bbox 125 2632 1107 2697; baseline -0.004 -15"><span class='ocrx_word' id='word_1_244' title='bbox 125 2637 176 2692; x_wconf 84' lang='lat' dir='ltr'><strong>uit,</strong></span> <span class='ocrx_word' id='word_1_245' title='bbox 202 2635 312 2696; x_wconf 84' lang='lat' dir='ltr'><strong>quinque</strong></span> <span class='ocrx_word' id='word_1_246' title='bbox 331 2633 463 2691; x_wconf 84' lang='lat' dir='ltr'><strong>cohortes,</strong></span> <span class='ocrx_word' id='word_1_247' title='bbox 488 2649 550 2697; x_wconf 85' lang='lat' dir='ltr'><strong>ques</strong></span> <span class='ocrx_word' id='word_1_248' title='bbox 569 2644 628 2682; x_wconf 86' lang='lat' dir='ltr'><strong>tunc</strong></span> <span class='ocrx_word' id='word_1_249' title='bbox 646 2632 715 2683; x_wconf 86' lang='lat' dir='ltr'><strong>solas</strong></span> <span class='ocrx_word' id='word_1_250' title='bbox 732 2632 850 2691; x_wconf 87' lang='lat' dir='ltr'><strong>habebat,</strong></span> <span class='ocrx_word' id='word_1_251' title='bbox 876 2647 932 2682; x_wconf 89' lang='lat' dir='ltr'><strong>curn</strong></span> <span class='ocrx_word' id='word_1_252' title='bbox 951 2633 1055 2695; x_wconf 84' lang='lat' dir='ltr'><strong>quibus,</strong></span> <span class='ocrx_word' id='word_1_253' title='bbox 1079 2637 1107 2678; x_wconf 91' lang='lat' dir='ltr'><strong>nt</strong></span> 
     </span>
     <span class='ocr_line' id='line_1_36' title="bbox 125 2699 1109 2765; baseline -0.005 -14"><span class='ocrx_word' id='word_1_254' title='bbox 125 2705 161 2752; x_wconf 90' lang='lat' dir='ltr'><strong>ait</strong></span> <span class='ocrx_word' id='word_1_255' title='bbox 173 2703 269 2760; x_wconf 87' lang='lat' dir='ltr'><strong>Livius,</strong></span> <span class='ocrx_word' id='word_1_256' title='bbox 289 2703 374 2751; x_wconf 89' lang='lat' dir='ltr'><strong>orbem</strong></span> <span class='ocrx_word' id='word_1_257' title='bbox 390 2710 514 2751; x_wconf 86' lang='lat' dir='ltr'><strong>terrarum</strong></span> <span class='ocrx_word' id='word_1_258' title='bbox 530 2702 633 2751; x_wconf 88' lang='lat' dir='ltr'><strong>adortus</strong></span> <span class='ocrx_word' id='word_1_259' title='bbox 652 2710 700 2765; x_wconf 82' lang='lat' dir='ltr'><strong>est,</strong></span> <span class='ocrx_word' id='word_1_260' title='bbox 718 2702 780 2762; x_wconf 85' lang='lat' dir='ltr'><strong>qnid</strong></span> <span class='ocrx_word' id='word_1_261' title='bbox 793 2702 859 2751; x_wconf 85' lang='lat' dir='ltr'><strong>lacto</strong></span> <span class='ocrx_word' id='word_1_262' title='bbox 876 2715 940 2765; x_wconf 88' lang='lat' dir='ltr'><strong>opus</strong></span> <span class='ocrx_word' id='word_1_263' title='bbox 953 2709 1029 2764; x_wconf 84' lang='lat' dir='ltr'><strong>esset,</strong></span> <span class='ocrx_word' id='word_1_264' title='bbox 1047 2699 1109 2747; x_wconf 73' lang='lat' dir='ltr'><strong>edo-&#39;</strong></span> 
     </span>
    </p>
   </div>
   <div class='ocr_carea' id='block_1_6' title="bbox 125 2765 948 2887">
    <p class='ocr_par' dir='ltr' id='par_1_10' title="bbox 125 2765 948 2887">
     <span class='ocr_line' id='line_1_37' title="bbox 125 2765 948 2887; baseline -0.002 -67"><span class='ocrx_word' id='word_1_265' title='bbox 125 2773 184 2821; x_wconf 88' lang='lat' dir='ltr'><strong>cuit.</strong></span> <span class='ocrx_word' id='word_1_266' title='bbox 215 2769 287 2820; x_wconf 85' lang='lat' dir='ltr'><strong>Oros.</strong></span> <span class='ocrx_word' id='word_1_267' title='bbox 313 2769 361 2829; x_wconf 86' lang='lat' dir='ltr'><strong>VI,</strong></span> <span class='ocrx_word' id='word_1_268' title='bbox 384 2767 425 2820; x_wconf 83' lang='lat'><strong>15.</strong></span> <span class='ocrx_word' id='word_1_269' title='bbox 455 2769 494 2833; x_wconf 76' lang='lat' dir='ltr'><strong>Os.</strong></span> <span class='ocrx_word' id='word_1_270' title='bbox 488 2769 808 2887; x_wconf 42' lang='lat' dir='ltr'><strong>&#39;sffrpegniiifm‘ffl&#39;plm</strong></span> <span class='ocrx_word' id='word_1_271' title='bbox 826 2785 882 2830; x_wconf 82' lang='lat' dir='ltr'><strong>cap.</strong></span> <span class='ocrx_word' id='word_1_272' title='bbox 903 2765 948 2820; x_wconf 79' lang='lat'><strong>39.</strong></span> 
     </span>
    </p>
   </div>
   <div class='ocr_carea' id='block_1_7' title="bbox 177 2901 1106 2971">
    <p class='ocr_par' dir='ltr' id='par_1_11' title="bbox 177 2901 1106 2971">
     <span class='ocr_line' id='line_1_38' title="bbox 177 2901 1106 2971; baseline -0.008 -13"><span class='ocrx_word' id='word_1_273' title='bbox 177 2914 211 2966; x_wconf 75' lang='grc'><strong>33)</strong></span> <span class='ocrx_word' id='word_1_274' title='bbox 233 2908 330 2958; x_wconf 86' lang='lat' dir='ltr'><strong>Primus</strong></span> <span class='ocrx_word' id='word_1_275' title='bbox 346 2907 447 2956; x_wconf 87' lang='lat' dir='ltr'><strong>hostem</strong></span> <span class='ocrx_word' id='word_1_276' title='bbox 467 2908 593 2971; x_wconf 88' lang='lat' dir='ltr'><strong>percussit</strong></span> <span class='ocrx_word' id='word_1_277' title='bbox 610 2921 691 2969; x_wconf 88' lang='lat' dir='ltr'><strong>nuper</strong></span> <span class='ocrx_word' id='word_1_278' title='bbox 708 2905 761 2969; x_wconf 91' lang='lat' dir='ltr'><strong>pilo</strong></span> <span class='ocrx_word' id='word_1_279' title='bbox 781 2913 883 2968; x_wconf 90' lang='lat' dir='ltr'><strong>sumpto</strong></span> <span class='ocrx_word' id='word_1_280' title='bbox 900 2904 983 2968; x_wconf 88' lang='lat' dir='ltr'><strong>primo</strong></span> <span class='ocrx_word' id='word_1_281' title='bbox 1000 2901 1027 2952; x_wconf 85' lang='lat' dir='ltr'><strong>G.</strong></span> <span class='ocrx_word' id='word_1_282' title='bbox 1049 2901 1106 2952; x_wconf 83' lang='lat' dir='ltr'><strong>Gra·</strong></span> 
     </span>
    </p>
   </div>
   <div class='ocr_carea' id='block_1_8' title="bbox 126 2969 1107 3124">
    <p class='ocr_par' dir='ltr' id='par_1_12' title="bbox 126 2969 1095 3113">
     <span class='ocr_line' id='line_1_39' title="bbox 126 2969 882 3032; baseline -0.003 -6"><span class='ocrx_word' id='word_1_283' title='bbox 126 2979 217 3027; x_wconf 78' lang='lat' dir='ltr'><strong>atinus.</strong></span> <span class='ocrx_word' id='word_1_284' title='bbox 237 2976 370 3026; x_wconf 73' lang='lat' dir='ltr'><strong>Scholiast.</strong></span> <span class='ocrx_word' id='word_1_285' title='bbox 390 2985 439 3026; x_wconf 84' lang='lat' dir='ltr'><strong>vet.</strong></span> <span class='ocrx_word' id='word_1_286' title='bbox 460 2977 560 3026; x_wconf 81' lang='lat' dir='ltr'><strong>Lucani</strong></span> <span class='ocrx_word' id='word_1_287' title='bbox 575 2975 612 3024; x_wconf 83' lang='lat' dir='ltr'><strong>ad</strong></span> <span class='ocrx_word' id='word_1_288' title='bbox 626 2974 719 3024; x_wconf 75' lang='lat' dir='ltr'><strong>Pharo.</strong></span> <span class='ocrx_word' id='word_1_289' title='bbox 742 2972 806 3032; x_wconf 91' lang='lat' dir='ltr'><em>VII,</em></span> <span class='ocrx_word' id='word_1_290' title='bbox 822 2969 882 3024; x_wconf 80' lang='lat'><strong>471</strong></span> 
     </span>
     <span class='ocr_line' id='line_1_40' title="bbox 176 3031 1107 3124; baseline -0.007 -31"><span class='ocrx_word' id='word_1_291' title='bbox 176 3052 210 3102; x_wconf 80' lang='lat' dir='ltr'><strong>st)</strong></span> <span class='ocrx_word' id='word_1_292' title='bbox 225 3036 272 3094; x_wconf 80' lang='lat' dir='ltr'><strong>&#39;Eo</strong></span> <span class='ocrx_word' id='word_1_293' title='bbox 281 3040 312 3094; x_wconf 71' lang='grc' dir='ltr'><strong>δέ</strong></span> <span class='ocrx_word' id='word_1_294' title='bbox 321 3043 453 3123; x_wconf 80' lang='grc' dir='ltr'><strong><em>Παταβίῳ</em></strong></span> <span class='ocrx_word' id='word_1_295' title='bbox 467 3037 553 3100; x_wconf 76' lang='grc' dir='ltr'><em>Γάϊος</em></span> <span class='ocrx_word' id='word_1_296' title='bbox 562 3034 754 3108; x_wconf 42' lang='grc' dir='ltr'><strong><em>Κορνήλιοςᾙ</em></strong></span> <span class='ocrx_word' id='word_1_297' title='bbox 736 3035 809 3106; x_wconf 72' lang='grc' dir='ltr'><strong>ανὴρ</strong></span> <span class='ocrx_word' id='word_1_298' title='bbox 823 3031 975 3124; x_wconf 76' lang='grc' dir='ltr'><strong><em>εὐδόκιμος</em></strong></span> <span class='ocrx_word' id='word_1_299' title='bbox 983 3031 1030 3089; x_wconf 71' lang='grc' dir='ltr'><strong>ἐπὶ</strong></span> <span class='ocrx_word' id='word_1_300' title='bbox 1039 3053 1107 3103; x_wconf 79' lang='grc' dir='ltr'><em>μαν-</em></span> 
     </span>
    </p>
   </div>
   <div class='ocr_carea' id='block_1_9' title="bbox 127 3101 1108 3231">
    <p class='ocr_par' dir='ltr' id='par_1_13' title="bbox 127 3101 1108 3231">
     <span class='ocr_line' id='line_1_41' title="bbox 127 3101 1108 3231; baseline -0.004 -71"><span class='ocrx_word' id='word_1_301' title='bbox 127 3113 198 3180; x_wconf 76' lang='grc' dir='ltr'><strong><em>τικῇ,</em></strong></span> <span class='ocrx_word' id='word_1_302' title='bbox 217 3111 316 3180; x_wconf 81' lang='grc' dir='ltr'><strong><em>Λιβίου</em></strong></span> <span class='ocrx_word' id='word_1_303' title='bbox 333 3112 382 3162; x_wconf 74' lang='grc' dir='ltr'><strong>τοῦ</strong></span> <span class='ocrx_word' id='word_1_304' title='bbox 397 3105 579 3231; x_wconf 71' lang='lat' dir='ltr'><strong>ooyppaps‘ma</strong></span> <span class='ocrx_word' id='word_1_305' title='bbox 597 3111 718 3193; x_wconf 75' lang='grc' dir='ltr'><strong><em>πολιτης</em></strong></span> <span class='ocrx_word' id='word_1_306' title='bbox 729 3107 777 3160; x_wconf 78' lang='grc' dir='ltr'><strong>καὶ</strong></span> <span class='ocrx_word' id='word_1_307' title='bbox 795 3101 946 3175; x_wconf 70' lang='grc' dir='ltr'><strong><em>γνώριμος,</em></strong></span> <span class='ocrx_word' id='word_1_308' title='bbox 962 3101 1108 3174; x_wconf 72' lang='grc' dir='ltr'><strong><em>ἐτύγχανεν</em></strong></span> 
     </span>
    </p>
   </div>
   <div class='ocr_carea' id='block_1_10' title="bbox 127 3142 1111 3523">
    <p class='ocr_par' dir='ltr' id='par_1_14' title="bbox 127 3142 1108 3264">
     <span class='ocr_line' id='line_1_42' title="bbox 127 3142 1108 3264; baseline -0.003 -34"><span class='ocrx_word' id='word_1_309' title='bbox 127 3164 179 3230; x_wconf 75' lang='grc' dir='ltr'><strong>ἐπ’</strong></span> <span class='ocrx_word' id='word_1_310' title='bbox 181 3142 306 3259; x_wconf 61' lang='lat' dir='ltr'><strong>‘olovpts</strong></span> <span class='ocrx_word' id='word_1_311' title='bbox 326 3175 488 3264; x_wconf 74' lang='grc' dir='ltr'><strong><em>καθήμενος</em></strong></span> <span class='ocrx_word' id='word_1_312' title='bbox 520 3180 617 3264; x_wconf 78' lang='grc' dir='ltr'><strong><em>κείνην</em></strong></span> <span class='ocrx_word' id='word_1_313' title='bbox 632 3174 685 3244; x_wconf 80' lang='grc' dir='ltr'><strong>τὴν</strong></span> <span class='ocrx_word' id='word_1_314' title='bbox 702 3173 817 3261; x_wconf 59' lang='grc' dir='ltr'><strong><em>ἡμέραν.</em></strong></span> <span class='ocrx_word' id='word_1_315' title='bbox 846 3177 902 3231; x_wconf 74' lang='grc' dir='ltr'><strong>Καὶ</strong></span> <span class='ocrx_word' id='word_1_316' title='bbox 920 3179 1030 3246; x_wconf 77' lang='grc' dir='ltr'><strong><em>πρῶτον</em></strong></span> <span class='ocrx_word' id='word_1_317' title='bbox 1049 3171 1108 3256; x_wconf 77' lang='grc' dir='ltr'><strong><em>μέν,</em></strong></span> 
     </span>
    </p>

    <p class='ocr_par' dir='ltr' id='par_1_15' title="bbox 128 3238 1111 3522">
     <span class='ocr_line' id='line_1_43' title="bbox 128 3238 1110 3334; baseline -0.006 -35"><span class='ocrx_word' id='word_1_318' title='bbox 128 3242 166 3307; x_wconf 74' lang='grc' dir='ltr'><strong>ὡς</strong></span> <span class='ocrx_word' id='word_1_319' title='bbox 187 3242 284 3330; x_wconf 80' lang='grc' dir='ltr'><strong><em>Λίβιός</em></strong></span> <span class='ocrx_word' id='word_1_320' title='bbox 307 3265 404 3330; x_wconf 80' lang='grc' dir='ltr'><em>φησι</em></span> <span class='ocrx_word' id='word_1_321' title='bbox 416 3247 466 3301; x_wconf 84' lang='grc' dir='ltr'><strong>τὸν</strong></span> <span class='ocrx_word' id='word_1_322' title='bbox 488 3243 589 3334; x_wconf 58' lang='grc' dir='ltr'><strong><em>καιρὸν</em></strong></span> <span class='ocrx_word' id='word_1_323' title='bbox 607 3243 676 3315; x_wconf 71' lang='grc' dir='ltr'><strong>ἔγνω</strong></span> <span class='ocrx_word' id='word_1_324' title='bbox 697 3249 747 3314; x_wconf 82' lang='grc' dir='ltr'><strong>τῆς</strong></span> <span class='ocrx_word' id='word_1_325' title='bbox 766 3241 869 3314; x_wconf 77' lang='grc' dir='ltr'><em>μάχης,</em></span> <span class='ocrx_word' id='word_1_326' title='bbox 892 3245 940 3300; x_wconf 78' lang='grc' dir='ltr'><strong>καὶ</strong></span> <span class='ocrx_word' id='word_1_327' title='bbox 957 3241 1028 3312; x_wconf 80' lang='grc' dir='ltr'><strong><em>πρὸς</em></strong></span> <span class='ocrx_word' id='word_1_328' title='bbox 1045 3238 1110 3300; x_wconf 78' lang='grc' dir='ltr'><strong><em>τοὺς</em></strong></span> 
     </span>
     <span class='ocr_line' id='line_1_44' title="bbox 128 3310 1111 3436; baseline -0.007 -68"><span class='ocrx_word' id='word_1_329' title='bbox 128 3310 404 3436; x_wconf 26' lang='grc' dir='ltr'><strong>πᾘαρόνταςεῑπεν,</strong></span> <span class='ocrx_word' id='word_1_330' title='bbox 387 3335 432 3370; x_wconf 81' lang='grc' dir='ltr'><strong>οτι</strong></span> <span class='ocrx_word' id='word_1_331' title='bbox 447 3317 496 3371; x_wconf 77' lang='grc' dir='ltr'><strong>καὶ</strong></span> <span class='ocrx_word' id='word_1_332' title='bbox 494 3314 545 3398; x_wconf 78' lang='grc' dir='ltr'><strong>δὴ</strong></span> <span class='ocrx_word' id='word_1_333' title='bbox 558 3318 720 3399; x_wconf 69' lang='lat' dir='ltr'><strong>sancierant</strong></span> <span class='ocrx_word' id='word_1_334' title='bbox 737 3317 769 3368; x_wconf 83' lang='grc' dir='ltr'><strong>τὸ</strong></span> <span class='ocrx_word' id='word_1_335' title='bbox 787 3317 901 3402; x_wconf 76' lang='grc' dir='ltr'><strong><em>χρῆμα,</em></strong></span> <span class='ocrx_word' id='word_1_336' title='bbox 915 3313 964 3367; x_wconf 79' lang='lat' dir='ltr'><strong>aab</strong></span> <span class='ocrx_word' id='word_1_337' title='bbox 982 3311 1111 3364; x_wconf 76' lang='grc' dir='ltr'><strong><em>συνίασιν</em></strong></span> 
     </span>
     <span class='ocr_line' id='line_1_45' title="bbox 129 3357 1106 3472; baseline -0.007 -34.801"><span class='ocrx_word' id='word_1_338' title='bbox 129 3382 170 3446; x_wconf 77' lang='grc' dir='ltr'><strong>εἰς</strong></span> <span class='ocrx_word' id='word_1_339' title='bbox 129 3382 268 3452; x_wconf 74' lang='grc' dir='ltr'><strong><em>εέργον</em></strong></span> <span class='ocrx_word' id='word_1_340' title='bbox 287 3381 318 3438; x_wconf 78' lang='lat' dir='ltr'><strong>ol</strong></span> <span class='ocrx_word' id='word_1_341' title='bbox 332 3357 447 3472; x_wconf 53' lang='lat' dir='ltr'><strong>&amp;etipse</strong></span> <span class='ocrx_word' id='word_1_342' title='bbox 469 3375 559 3446; x_wconf 67' lang='lat' dir='ltr'><strong>Abbir</strong></span> <span class='ocrx_word' id='word_1_343' title='bbox 579 3383 609 3439; x_wconf 73' lang='grc' dir='ltr'><strong>δὲ</strong></span> <span class='ocrx_word' id='word_1_344' title='bbox 625 3381 697 3452; x_wconf 82' lang='grc' dir='ltr'><strong><em>πρὸς</em></strong></span> <span class='ocrx_word' id='word_1_345' title='bbox 714 3386 747 3454; x_wconf 79' lang='grc' dir='ltr'><strong>τῇ</strong></span> <span class='ocrx_word' id='word_1_346' title='bbox 764 3384 820 3470; x_wconf 72' lang='lat' dir='ltr'><strong>lie&#39;pc</strong></span> <span class='ocrx_word' id='word_1_347' title='bbox 837 3380 993 3452; x_wconf 73' lang='grc' dir='ltr'><strong><em>γενόμενος,</em></strong></span> <span class='ocrx_word' id='word_1_348' title='bbox 1012 3377 1060 3432; x_wconf 78' lang='grc' dir='ltr'><strong>καὶ</strong></span> <span class='ocrx_word' id='word_1_349' title='bbox 1071 3392 1106 3427; x_wconf 80' lang='grc' dir='ltr'><strong>τα</strong></span> 
     </span>
     <span class='ocr_line' id='line_1_46' title="bbox 130 3437 1106 3523; baseline -0.006 -16"><span class='ocrx_word' id='word_1_350' title='bbox 130 3459 232 3521; x_wconf 73' lang='lat' dir='ltr'><strong>oppetat</strong></span> <span class='ocrx_word' id='word_1_351' title='bbox 251 3449 373 3508; x_wconf 73' lang='grc' dir='ltr'><strong><em>κατιδών</em></strong></span> <span class='ocrx_word' id='word_1_352' title='bbox 392 3449 513 3518; x_wconf 66' lang='grc' dir='ltr'><em>ἀνήλατο</em></span> <span class='ocrx_word' id='word_1_353' title='bbox 531 3473 579 3520; x_wconf 76' lang='grc' dir='ltr'><strong>μετ</strong></span> <span class='ocrx_word' id='word_1_354' title='bbox 579 3437 812 3521; x_wconf 64' lang='grc' dir='ltr'>’ἐτθουσιάσμου</span> <span class='ocrx_word' id='word_1_355' title='bbox 830 3453 918 3522; x_wconf 82' lang='grc' dir='ltr'><em>βοῶν,</em></span> <span class='ocrx_word' id='word_1_356' title='bbox 947 3449 1094 3523; x_wconf 68' lang='lat' dir='ltr'><strong>„Nimia</strong></span> <span class='ocrx_word' id='word_1_357' title='bbox 1083 3469 1106 3502; x_wconf 84' lang='grc' dir='ltr'><strong><em>ω</em></strong></span> 
     </span>
    </p>
   </div>
   <div class='ocr_carea' id='block_1_11' title="bbox 0 0 1293 3952">
    <p class='ocr_par' dir='ltr' id='par_1_16' title="bbox 0 0 1293 3952">
     <span class='ocr_line' id='line_1_47' title="bbox 0 0 1293 3952; baseline 0 0"><span class='ocrx_word' id='word_1_358' title='bbox 0 0 1293 3952; x_wconf 95' lang='lat' dir='ltr'><strong> </strong></span> 
     </span>
    </p>
   </div>
  </div>
 </body>
</html>
