2592 3964
210 237 255 304 al
391 233 798 298 transmearem.
820 239 903 308 [ιιι.
916 238 1015 307 asro]

211 405 282 450 nam
297 387 324 449 si
339 393 370 448 et
383 385 413 446 in
427 386 574 448 Romanis
588 391 703 446 tantum
717 385 861 446 momenti
875 398 946 444 esse
962 383 1139 454 credebam,
1162 391 1197 446 ut

211 487 303 549 quem
318 471 432 533 vallent
445 471 638 546 imponerent
648 467 848 529 Macedoniae
862 483 976 543 regem,
990 474 1021 528 et
1031 482 1118 528 meae
1129 474 1194 528 tan·

210 565 275 619 tum
295 555 380 631 apud
399 570 456 616 cos
475 553 592 629 gratiae
610 551 819 624 confidebam,
844 552 917 626 quid
937 567 1017 628 opus
1030 550 1195 626 parricidio

210 642 287 703 irriti
314 655 353 699 an
373 646 408 699 ut
425 644 583 698 cruentum
605 637 738 698 fraterna
756 635 854 697 caede
872 634 1014 696 diadema
1036 643 1197 712 gererem?

211 731 246 786 ut
259 721 319 784 illis
339 723 434 798 ipsis,
456 721 539 797 apud
554 736 633 796 quos
648 726 702 780 aut
716 735 790 780 vera
805 727 857 781 aut
870 727 952 781 oeric
966 720 1109 780 simulata
1123 734 1195 794 pro-

211 807 306 868 bitate
320 813 439 884 partam
455 802 582 880 gratiam
598 804 713 876 habeo,
735 803 762 865 si
778 820 869 880 quam
888 804 967 864 torte
980 801 1091 879 habeo,
1106 817 1195 863 exsa-

211 891 335 952 crabilis
350 897 381 952 et
395 890 513 950 invisus
528 895 651 949 essemt
671 886 730 948 nisi
745 887 776 948 T.
792 885 964 961 Quinctium
979 886 1089 961 credis,
1108 884 1195 948 cuius

210 975 322 1037 virtute
341 982 372 1035 et
392 973 528 1034 consiliis
548 985 599 1032 me
617 986 698 1031 nunc
712 970 816 1046 arguis
831 971 911 1047 regi,
932 986 1001 1031 eum
1015 977 1047 1032 et
1059 970 1128 1046 ipse
1142 970 1195 1030 tali

212 1059 325 1136 pietate
336 1057 418 1118 vivat
426 1071 497 1116 cum
510 1053 691 1130 iratre,milri
702 1055 854 1116 fraternae
865 1053 971 1115 caedis
983 1054 1080 1116 luisse
1091 1059 1195 1116 aucto·

211 1158 287 1205 rern.
307 1142 389 1202 idem
403 1157 466 1202 non
481 1141 687 1201 Romanorum
702 1140 801 1200 solum
816 1139 958 1214 matiam,
980 1138 1038 1198 sed
1050 1136 1196 1198 Macedo-

213 1243 287 1288 num
306 1224 419 1286 iudicia
431 1240 470 1285 aa
484 1239 583 1299 paene
598 1222 731 1284 omnium
746 1223 875 1284 deorum
889 1221 1109 1298 hominumque
1123 1237 1197 1284 con·

213 1325 341 1372 sensum
359 1308 495 1384 collegit,
516 1323 573 1383 per
588 1321 668 1383 quae
681 1307 784 1368 omnia
793 1323 833 1367 se
846 1303 920 1366 mihi
934 1321 1040 1382 parem
1055 1306 1086 1366 in
1101 1312 1196 1367 certa-

213 1393 295 1455 mine
319 1407 381 1453 non
407 1393 540 1454 iutmum
564 1390 741 1452 crediderit.
776 1391 872 1465 idem,
898 1397 1053 1466 ιιιιιειιιιιιι
1073 1389 1104 1450 in
1128 1389 1196 1451 aliis

214 1475 355 1540 omnibus
373 1477 468 1536 rebus
484 1475 741 1550 iciodorensem,
761 1437 944 1536 ad‘sceleris
958 1489 1048 1549 spem
1062 1472 1198 1535 ultimam

212 1559 394 1634 confugisse
414 1574 464 1619 me
481 1559 642 1619 insimulat.
679 1559 728 1619 vis
743 1559 823 1619 hanc
837 1559 997 1619 formulam
1013 1556 1196 1632 cognitionis

215 1658 301 1719 esse,
316 1650 349 1704 ut
363 1649 430 1702 uter
444 1641 588 1715 timuerit,
603 1657 642 1701 ne
654 1643 732 1703 alter
747 1642 867 1717 dignior
880 1641 1035 1703 videretur
1047 1657 1153 1716 regno,
1168 1642 1196 1702 is

215 1727 376 1788 consilium
391 1725 584 1801 opprimendi
599 1724 700 1786 fratris
715 1725 839 1801 cepisse
853 1726 1026 1787 iudicetur?
1045 1725 1123 1785 Xlll
1141 1741 1196 1786 ex·

115 1886 116 1889 ¹
215 1826 381 1886 semiamur
399 1815 501 1870 tamen
522 1824 719 1885 quocumque
739 1809 833 1872 modo
849 1809 972 1871 conficti
987 1809 1126 1871 ordinem
1140 1809 1199 1870 cri-

211 1895 315 1954 minis.
337 1892 476 1968 pluribus
491 1892 591 1954 modis
604 1908 638 1954 se
651 1891 776 1968 petitum
789 1894 964 1954 criminatus
977 1899 1033 1968 est,
1048 1901 1079 1956 et
1088 1909 1197 1955 omues

214 1978 392 2038 insidiarum
406 1976 472 2037 vias
486 1976 515 2036 in
531 1993 625 2038 unum
640 1975 720 2036 diem
731 1978 865 2038 contudit.
888 1977 969 2038 uolui
985 1975 1120 2039 interdiu
1128 1993 1199 2039 eum

217 2067 289 2136 post
308 2058 532 2133 lustrationem,
553 2076 623 2122 eum
638 2060 865 2134 concurrimus,
888 2060 1073 2136 etquidem,
1094 2061 1122 2122 si
1137 2060 1198 2122 diis

216 2146 331 2241 placet,
352 2144 564 2205 lustrationum
584 2143 808 2215 dieoccidene3
829 2145 928 2218 volui,
950 2161 1020 2206 oum
1034 2145 1198 2206 adeeuam

216 2227 354 2302 invitavi,
375 2243 495 2288 veneno
515 2228 635 2289 seilicet
655 2229 776 2298 tollere,
805 2229 904 2302 volui,
926 2244 995 2289 cunr
1018 2213 1198 2292 comisatum

209 2311 325 2388 gladiis
341 2311 468 2372 accincti
482 2327 532 2371 me
544 2313 643 2372 secuti
658 2321 737 2387 sunt,
752 2313 833 2373 terro
848 2313 1029 2372 interlicere.
1058 2320 1198 2391 tempora

218 2395 344 2470 quidem
366 2393 471 2470 qualia
491 2395 551 2455 sint
571 2395 611 2454 ad
632 2395 829 2471 parricidium
848 2398 947 2457 electa
967 2395 1070 2456 videar
1099 2399 1197 2472 lusae,

216 2475 365 2551 convivii,
384 2477 603 2538 comisationis.
633 2480 728 2553 quida
749 2479 815 2540 dies
831 2479 952 2556 qrratisr
974 2495 1035 2554 quo
1051 2479 1198 2542 lustratus

217 2559 383 2635 exercitus,
406 2576 467 2636 quo
483 2559 560 2622 inter
575 2561 704 2622 divisam
719 2560 887 2636 victimam,
902 2563 1047 2638 praelatis
1063 2563 1198 2625 omnium

216 2644 270 2721 qui
292 2660 436 2720 nmquam
456 2645 542 2706 lucre
556 2644 756 2707 Macedoniae
774 2662 882 2721 regum
896 2648 989 2708 annis
1003 2649 1112 2725 regiis,
1135 2648 1197 2708 duo

214 2726 276 2790 soli
289 2733 343 2790 tua
355 2735 494 2804 tegentes
508 2729 617 2803 latera,
639 2737 740 2804 pater,
756 2732 912 2804 praevecti
927 2747 1050 2804 sumus,
1066 2739 1095 2792 et
1109 2746 1198 2792 secu-

216 2820 280 2876 tum
294 2812 556 2874 est‘Maoedonum
569 2829 695 2888 agmen:
716 2813 776 2874 hoc
791 2828 858 2890 ego,
873 2815 1004 2876 etiamsi
1019 2815 1092 2890 quid
1108 2823 1199 2876 antea

217 2896 412 2958 admisissem
434 2897 556 2972 piaculo
571 2896 711 2972 dignum,
732 2899 878 2959 lustratus
894 2904 924 2958 et
937 2897 1079 2973 expiatus
1092 2912 1196 2969 samo,

217 2988 280 3040 tum
300 2994 368 3040 cum
387 2979 519 3038 maxime
539 2979 569 3039 in
590 2979 720 3042 hostiam
740 2979 839 3042 itineri
859 2988 965 3043 nostro
978 2979 1197 3042 circumdatam

217 3060 347 3135 intuens,
355 3061 550 3136 parricidium
561 3079 681 3124 venena
690 3064 811 3140 gladios
823 3066 854 3126 in
866 3064 1095 3126 comisationem
1105 3079 1196 3140 prae:

217 3152 343 3219 paratos
358 3144 532 3206 volutabam
546 3146 577 3206 in
592 3149 703 3225 auimo,
718 3155 752 3210 ut
766 3148 877 3224 quibus
890 3147 958 3209 aliis
973 3148 1085 3210 deinde
1099 3148 1197 3209 sacris
1283 3171 1284 3230 3

218 3228 451 3290 consummatam
470 3231 551 3290 omni
571 3233 690 3293 scelere
709 3232 1036 3308 montemexpiaremr
1056 3232 1114 3294 sed
1128 3248 1197 3294 cae·
1283 3237 1284 3256 ²

217 3327 274 3373 eus
293 3311 474 3373 criminandi
496 3315 660 3390 cupiditate
681 3313 817 3392 animus,
839 3317 912 3378 dum
931 3316 1035 3379 omnia
1051 3321 1199 3392 suspecta

216 3397 341 3460 efficere
355 3399 427 3471 vult,
444 3396 528 3458 aliud
539 3398 600 3458 aliu
616 3400 783 3460 contundit.
813 3417 884 3460 nam
899 3401 927 3461 si
942 3416 1061 3463 veneno
1076 3408 1108 3462 ta
1121 3401 1199 3461 inter

218 3498 323 3542 cenam
344 3483 450 3542 tollere
471 3480 569 3546 volui.
592 3482 667 3550 naid
686 3483 786 3543 miuus
805 3492 909 3560 aptum
929 3485 983 3547 luit
1000 3500 1092 3559 quam
1107 3484 1185 3562 perti
