2570 3952
279 258 474 319 ΕΡΙΤΟΜΑΕ
489 257 692 318 LIBRORUM
704 258 953 318 inv-thx.
1040 259 1099 322 307

114 409 249 453 mdicandos
267 411 371 451 auctores
390 407 533 449 consiliorum
554 418 656 457 suorum,
682 407 742 460 quod
761 407 845 452 multos
866 411 887 450 ln
907 412 987 454 senatu
1008 413 1103 464 pecunia

116 463 245 518 corrupisse
266 462 393 512 dicebatur,
416 461 507 502 Romam
521 463 596 511 venite
617 463 640 502 et
654 464 747 516 propter
760 461 851 504 caedem
865 462 986 507 admissam
1002 466 1023 506 ln
1038 477 1100 517 reguv

112 519 159 560 ium
179 516 289 571 quendam
309 516 397 557 nomine
416 515 551 566 Massivam,
571 515 610 568 qui
629 525 720 568 regnum
739 517 788 559 eius
807 516 891 571 populo
909 517 1014 560 Romano
1033 519 1101 563 invisi

113 572 253 621 adfectabat,
274 570 359 613 Romae
379 568 532 619 interiectum,
556 580 606 610 cum
625 569 790 622 periclitaretur
810 581 900 613 causam
920 573 1001 625 capitia
1020 572 1101 622 dicere,

112 626 169 668 ciam
183 624 294 678 proiugit,
310 625 334 665 et
346 622 429 665 cedens
444 623 498 663 urbe
513 621 584 664 iertur
598 621 683 665 dixisse
698 635 728 674 „o
744 624 821 665 urbem
835 623 949 675 venalem,
965 629 988 666 et
1002 627 1048 667 cito
1062 639 1100 680 pe-

112 681 217 730 rituram,
236 679 256 721 si
272 679 395 731 emptorem
410 677 555 718 inveneriti“
578 678 606 717 A.
619 677 748 720 Postumius
767 678 856 730 legatus
875 677 995 720 infeliciter
1014 680 1101 733 proelio

112 733 221 777 adversus
241 729 369 826 iugurtbam
389 733 453 783 gesto
472 741 549 783 pacem
570 740 660 783 quoque
674 730 756 772 adiecit
771 732 953 784 ignominiosam,
975 743 1041 785 quam
1057 745 1100 775 non

113 798 164 829 esse
181 795 261 829 seman
278 797 314 828 am
328 787 421 828 senatus
436 784 530 827 censuit.

166 839 232 882 LXV.
253 839 280 885 Q.
297 838 408 882 caecilius
422 836 530 882 Metellus
546 837 622 880 cuuml
644 836 732 879 duobus
746 839 841 891 proeliis
855 840 983 892 iugurtbam
995 840 1053 881 iuuit
1068 843 1100 881 to·

112 896 203 946 tamque
217 893 343 935 Numidiam
357 893 465 935 vastavit.
483 891 515 934 ii.
531 891 607 934 iunius
621 890 714 934 Silanus
728 894 807 935 consul
822 893 933 937 adversus
950 894 1053 936 Cimbros
1067 894 1098 934 in·

112 947 209 989 ieilciter
222 949 337 1002 pugnavit.
353 946 435 999 legalis
449 946 588 989 cimbrorum
602 942 679 988 sedem
694 948 717 986 et
727 957 800 998 agros,
817 949 840 988 ln
851 949 933 1000 quibus
943 950 1099 998 consisterent,

112 1001 280 1054 postulantibus
294 1004 386 1044 senatus
399 1001 498 1054 negavit.
513 1001 546 1042 M.
557 999 669 1064 Minucius
682 1001 802 1052 proconsul
818 1000 927 1043 adversus
937 1001 1034 1044 rbracaa
1048 1013 1099 1055 pro-

111 1052 870 1158 :bittittitulabit'cilitiiilttiiit,bibliis
884 1053 1101 1153 tituletur

112 1165 148 1205 tes
163 1164 202 1215 qui
217 1174 246 1204 ex
260 1174 287 1203 es
301 1161 364 1203 clade
377 1163 545 1214 superaverant,
560 1160 677 1203 obsidibus
692 1161 750 1204 datis
765 1163 788 1202 et
803 1162 897 1204 dimidia
914 1174 988 1205 rerum
1002 1164 1100 1205 omnium

111 1217 185 1270 parte,
200 1220 226 1257 ut
240 1214 364 1258 incolumes
378 1214 549 1264 dimitterentur,
565 1226 614 1254 cum
627 1213 734 1257 hostibus
748 1217 808 1267 pacti
823 1218 885 1258 sunt.

165 1269 243 1313 LXVi.
261 1268 366 1334 iugurtha
386 1269 467 1322 pulsus
481 1279 495 1309 a
509 1267 534 1308 c.
551 1267 620 1308 iiiario
636 1267 754 1318 Numidia,
775 1281 823 1310 eum
839 1270 925 1311 eumilo
938 1269 1022 1312 Bocchi
1037 1271 1098 1312 iiiam

111 1319 1100 1427 titi,'itittiiiititttictiittrililii,iiiiiictttttiiti·uetiti

112 1432 174 1474 ditus
189 1431 261 1524 Μιῖιο
276 1432 324 1482 esti
342 1431 364 1470 in
379 1439 423 1482 qua
442 1439 466 1470 re
480 1431 603 1482 praecipua
617 1438 687 1481 opera
699 1428 728 1471 L.
746 1428 845 1471 Cornelii
859 1427 950 1481 Sullae,
972 1433 1099 1484 quaestoris

112 1487 187 1535 illarii,
202 1487 224 1526 iu
236 1488 253 1525 ι.

165 1539 251 1581 bxvir.
266 1540 298 1583 iii.
314 1536 420 1580 Aurelius
435 1536 545 1587 Scaurus,
560 1536 651 1588 legatus
666 1537 777 1589 consulis,
792 1550 806 1580 a
820 1538 917 1582 cimbris
931 1537 982 1581 iuso
997 1541 1098 1583 exercitu

112 1597 192 1647 captus
211 1596 258 1644 estr
278 1595 301 1635 et
319 1603 368 1632 cum
387 1592 409 1632 iu
429 1589 547 1634 consilium
565 1591 594 1632 ab
609 1592 638 1632 iia
652 1593 758 1633 evocatus
773 1591 898 1634 deterreret
912 1603 964 1643 eos,
985 1603 1013 1633 ne
1027 1593 1099 1648 Alpes

112 1649 236 1690 transirent
255 1643 342 1690 ltaliam
363 1645 467 1698 petituri,
490 1657 516 1686 eo
536 1644 597 1698 quoti
616 1645 700 1687 diceret
717 1645 829 1688 Romanos
849 1647 908 1687 vinci
923 1657 966 1686 nou
982 1657 1063 1698 posse,
1086 1659 1099 1688 a

111 1702 216 1754 Boiorige
235 1699 304 1742 ieroci
325 1703 405 1742 iurene
424 1699 512 1742 occisus
526 1702 569 1742 est.
590 1699 618 1740 ab
633 1700 714 1741 iisdem
732 1698 835 1742 hostibus
850 1700 892 1742 cu.
907 1699 1005 1743 bianiiua
1019 1701 1098 1742 consui

112 1758 136 1797 et
150 1755 179 1799 ti.
194 1753 305 1797 Servilius
320 1755 403 1807 caepio
418 1753 538 1807 proconsul
552 1755 607 1794 victi
621 1753 708 1806 proelio
727 1754 854 1805 castrisque
872 1754 932 1796 binis
951 1755 1013 1796 exuti
1031 1757 1098 1800 sunta

112 1809 207 1850 miiitum
221 1809 283 1850 milia
296 1809 410 1860 octoginta
424 1809 513 1857 occisa,
534 1807 637 1848 calonum
651 1809 674 1848 ct
687 1807 783 1848 lixarum
797 1806 956 1859 quadraginta,
976 1807 1098 1849 secundum

112 1862 265 1904 Arausionem.
288 1862 419 1914 caepronts,
434 1863 497 1903 cuius
511 1863 638 1902 temeritate
653 1860 730 1904 clades
744 1863 836 1913 accepts
851 1865 911 1912 erat,
927 1859 1025 1902 damnati
1039 1861 1099 1902 bona

112 1914 304 1968 publicatarum,
325 1917 389 1968 primi
410 1918 461 1968 post
474 1925 549 1968 regem
563 1915 718 1967 Tarquinium,
739 1916 899 1968 imperiumque
919 1915 940 1956 el
958 1915 1097 1967 abrogatum.

113 1971 136 2011 ln
156 1967 267 2021 triumpho
286 1967 314 2010 G.
329 1969 393 2011 idatii
414 1969 495 2011 ductus
514 1972 565 2010 ante
583 1979 672 2010 currum
687 1970 736 2010 eius
750 1968 856 2020 iugurtha
870 1979 919 2010 cum
935 1968 1021 2010 duobus
1034 1967 1096 2018 bilis,

113 2025 137 2064 et
151 2023 174 2064 ln
189 2031 276 2064 carcere
290 2026 383 2064 necatus
398 2027 441 2066 est.
457 2022 542 2066 iiiarlus
561 2022 688 2076 triumphati
703 2025 768 2064 veste
787 2023 809 2062 in
824 2025 927 2064 senatum
943 2024 1016 2072 venit,
1036 2022 1097 2074 quod

113 2087 179 2118 nemo
197 2077 249 2117 ante
269 2086 318 2117 eum
337 2075 435 2127 iecerat,
456 2076 522 2129 eique
543 2080 635 2130 propter
653 2076 757 2119 Cimbrici
779 2075 832 2117 belii
853 2078 935 2118 metum
956 2077 1098 2119 continuatus

112 2141 153 2184 per
167 2129 293 2181 complures
306 2140 376 2173 annos
390 2129 532 2184 magistratus
547 2133 589 2172 est.
609 2133 690 2172 iterum
706 2133 729 2171 et
743 2132 833 2171 tertium
847 2132 930 2172 absens
943 2131 1021 2174 consui
1036 2141 1097 2172 crea·

112 2189 161 2236 tus,
182 2186 284 2236 quartum
303 2183 442 2226 consulatum
457 2183 625 2226 dissimulanter
638 2187 731 2238 captans
745 2186 882 2226 consecutus
897 2187 939 2227 est.
963 2184 1004 2228 Cu.
1020 2184 1096 2226 llomi·

111 2239 158 2281 tius
172 2237 274 2290 pontifex
287 2238 396 2280 maumas
410 2236 488 2292 popuii
502 2238 605 2291 suiiraglo
619 2243 707 2282 creatus
720 2243 763 2283 est.
779 2239 862 2283 Cimbri
877 2237 972 2281 vastatis
985 2239 1097 2288 omnibus,

113 2303 171 2345 quae
190 2293 249 2333 inter
261 2289 393 2333 libodanum
412 2294 435 2333 et
448 2291 584 2344 Pyrenaeum
598 2297 662 2344 sunt,
682 2304 723 2347 per
740 2293 823 2338 saltum
843 2296 864 2334 iu
879 2293 1008 2348 Hispaniam
1023 2294 1095 2333 trans·

112 2346 185 2442 {rem
203 2345 280 2396 ibique
300 2346 370 2387 muita
389 2346 438 2388 ioca
459 2346 571 2400 populati,
592 2358 605 2388 a
620 2347 739 2392 Celtiberis
757 2347 829 2401 iirgati
842 2351 908 2397 sunta
928 2349 1058 2400 reversique
1073 2345 1095 2387 in

134 2400 209 2441 ailiam
223 2397 341 2442 bellicosis
354 2411 380 2442 se
393 2400 501 2444 Teutonis
515 2403 685 2444 coniunxerunt.

165 2453 261 2497 bliviit.
281 2455 313 2497 Μ.
328 2455 437 2496 Antonius
456 2455 545 2507 praetor
563 2456 586 2495 in
601 2455 702 2497 Ciliciam
716 2455 838 2497 maritimos
852 2454 978 2508 praedones
991 2465 1096 2506 persecu-

113 2510 151 2551 tus
169 2510 213 2554 est.
237 2506 262 2549 c.
277 2507 363 2550 ilarius
382 2507 460 2550 consul
479 2518 565 2548 summa
583 2510 606 2550 ri
620 2513 748 2562 oppugnata
762 2521 775 2550 a
789 2510 896 2552 Teutonis
910 2511 933 2550 et
946 2508 1096 2552 Ambronibus

113 2564 188 2604 casira
207 2561 316 2605 detendit.
336 2562 425 2604 duobus
439 2560 521 2603 deinde
534 2561 626 2614 proeliis
645 2563 704 2603 circa
717 2565 794 2614 Aquas
806 2563 899 2605 Sextias
913 2574 952 2604 eos
965 2562 1044 2605 bostes
1058 2563 1095 2603 de·

112 2617 179 2665 levit,
202 2617 224 2656 ln
245 2616 327 2668 quibus
348 2627 412 2658 caesa
430 2614 550 2660 traduntur
569 2614 667 2658 bostium
686 2617 782 2658 ducenta
795 2617 870 2667 milis,
890 2619 955 2670 capta
969 2618 1097 2669 nonaginta.

112 2669 197 2711 Marius
218 2669 300 2711 absens
320 2671 421 2720 quintum
440 2667 518 2712 consui
538 2671 626 2711 creatus
639 2673 683 2712 est.
705 2669 841 2723 triumphum
856 2669 967 2720 oblatum,
987 2669 1059 2712 donec
1073 2672 1097 2710 et

113 2722 216 2766 Gimbros
230 2722 342 2770 vinceret,
357 2721 455 2764 distulit.
479 2722 561 2764 cimbri
575 2723 667 2774 repulso
681 2725 710 2764 ab
724 2723 820 2777 Alpibus
834 2723 955 2778 fugatoque
970 2724 998 2768 0.
1015 2724 1096 2766 Catulo

112 2773 326 2871 utilitati
338 2774 1095 2885 itiitutitit?cruciantiumiiiritrittil

112 2884 184 2926 sulem
199 2884 365 2935 exercitumque
379 2883 493 2926 consecuti
507 2884 530 2926 in
544 2882 630 2924 italiam
643 2884 793 2935 traiecissent,
808 2885 890 2928 iunctis
904 2885 1003 2928 eiusdem
1020 2885 1095 2928 Catuli

112 2940 136 2979 et
156 2937 180 2979 C.
200 2937 264 2978 Marii
286 2937 422 2980 exercitibus
441 2937 528 2990 proelio
546 2937 599 2977 victl
619 2940 671 2978 suut
689 2938 717 2978 ab
732 2940 777 2988 eis,
803 2939 824 2980 in
840 2948 884 2992 quo
898 2950 964 2983 caesa
977 2941 1095 2981 traduntur

111 2989 211 3032 bostium
226 2992 313 3032 cantum
333 2990 480 3044 quadraginta
493 2989 567 3041 milia,
588 2993 654 3084 cagia
667 2993 790 3045 sexaginta.
813 2992 898 3036 ilarius
911 2995 983 3036 totius
996 2995 1095 3035 civitatis

113 3055 223 3086 consensu
237 3045 357 3097 exceptus,
375 3055 416 3098 pro
431 3045 519 3088 duobus
532 3047 615 3098 triump
632 3045 663 3094 is,
684 3047 723 3099 qul
736 3047 896 3097 offerebantur,
918 3059 962 3089 uuo
977 3051 1095 3090 contentus

112 3097 163 3140 tuit.
185 3099 293 3149 primores
314 3099 424 3149 civitatis,
445 3101 484 3152 qui
504 3099 642 3152 aliquamdiu
656 3101 680 3140 nt
694 3111 752 3141 noro
767 3100 850 3143 bomini
864 3101 892 3141 ad
907 3103 983 3144 tantos
998 3100 1094 3143 bonores

113 3153 192 3194 evecto
211 3149 347 3203 inviderant,
368 3157 520 3196 conservatam
538 3154 565 3195 ab
585 3165 611 3194 eo
630 3164 678 3195 rem
697 3153 808 3209 publicam
824 3155 960 3199 fatebantur.
980 3155 1094 3197 Publicius

112 3203 233 3248 iiiaiieolus
247 3210 316 3248 matre
331 3208 405 3250 occisa
418 3208 502 3260 primus
522 3207 585 3250 culeo
599 3209 688 3252 insutus
702 3209 724 3251 iu
739 3219 801 3251 mare
814 3209 976 3263 praecipitatus
990 3212 1034 3252 est.
1056 3218 1093 3248 au-

113 3260 165 3301 ciiia
180 3271 228 3302 cum
242 3261 338 3355 strepltu
352 3262 412 3302 mota
427 3272 489 3310 esse,
510 3263 629 3313 antequam
644 3261 777 3305 cimbricum
794 3263 878 3304 beilum
896 3263 1092 3311 consummaretur,

112 3315 246 3357 reieruntur.
262 3314 289 3356 be
301 3315 322 3355 ia
337 3316 452 3366 praeterea
466 3314 523 3354 inter
538 3315 616 3366 Syriae
630 3327 695 3369 reges
709 3320 774 3370 gesta
788 3317 893 3359 continet.

165 3367 241 3410 LXiX.
260 3369 285 3410 L.
301 3367 425 3422 Appuleius
439 3366 573 3410 Saturninus
586 3369 707 3412 adiuvante
722 3372 748 3415 c.
762 3370 846 3420 Mario,
867 3373 890 3412 et
905 3381 945 3422 per
959 3369 1042 3411 milites
1057 3379 1092 3408 oc·

114 3425 161 3465 cisa
177 3424 202 3464 A.
217 3421 291 3462 Nouio
306 3423 458 3474 competitore,
473 3421 576 3464 tribunus
590 3423 664 3476 plebis
678 3435 718 3477 per
732 3427 776 3466 vim
792 3427 886 3473 creatus,
900 3434 944 3465 non
959 3423 1031 3465 minus
1045 3423 1091 3464 vio-

112 3478 183 3518 lenter
198 3475 332 3517 tribunatum
347 3487 412 3528 qnam
426 3475 521 3529 petierat
534 3479 618 3528 gessit;
637 3480 659 3518 et
674 3490 723 3519 cum
736 3478 808 3531 legem
821 3479 929 3529 agrariam
944 3479 1042 3530 pervim
1057 3480 1089 3518 tu·

110 3531 184 3581 iisset,
200 3529 292 3571 Metello
300 3529 426 3580 Numidico,
442 3542 468 3572 eo
482 3529 543 3582 quod
557 3532 578 3571 in
591 3542 639 3572 eam
651 3543 695 3573 non
706 3533 825 3584 iuraverat,
841 3531 899 3573 diem
912 3531 981 3584 dixit,
996 3531 1091 3584 quicum

827 3587 884 3648 20*
