2574 3954
311 190 423 268 uranie
436 209 538 268 nutri.
562 209 645 270 cnr.
662 219 703 273 rs.
720 218 762 272 ro.
786 217 822 284 [a.
839 217 871 270 c.
888 218 951 285 aaa]
1057 212 1119 276 205

145 378 212 424 eam
237 366 447 436 tempestatem
472 369 717 436 propugnatores
742 363 843 438 urbis,
869 365 942 440 quia
962 381 1036 440 spes
1053 375 1121 428 erat

144 461 245 522 neque
255 442 365 504 hiemis
379 445 440 504 vim
451 444 565 505 diutius
578 444 640 519 pati
652 446 840 508 Macedonas
854 448 1002 523 inaperta
1015 465 1119 524 posse,

144 544 202 590 nec
216 529 255 588 ab
269 529 407 589 Romano
422 528 502 588 bello
518 535 633 588 tantum
645 531 710 605 regi
731 532 894 592 laxamenti
909 533 984 605 lore,
999 541 1033 594 ut
1048 549 1120 608 pos·

144 620 193 674 set
212 612 334 673 morari.
365 618 497 672 ceterum
519 619 683 687 postquam
705 615 812 675 vineas
826 616 875 690 agi
891 622 1054 692 turresque
1068 633 1120 678 ex·

144 696 230 758 citari
253 696 407 770 viderunt,
432 695 514 756 victa
536 697 704 772 pertinacia
728 705 785 758 est.
811 714 881 758 nam
907 707 1121 777 praeterquam

144 781 230 856 quod
244 779 395 840 adversus
410 780 472 840 viru
486 793 578 855 pares
593 796 653 840 non
669 788 765 856 erant
787 797 826 842 ne
841 783 981 844 frumenti
997 783 1120 859 quidem

143 872 196 925 aut
215 863 306 925 ullius
328 864 451 925 alterius
465 863 511 923 rei
532 864 623 939 copia
637 865 718 925 intus
734 874 811 939 erat,
833 867 916 926 utin
937 868 1122 944 necopinata
1171 919 1173 928 .

143 947 315 1009 obsidione.
342 947 446 1022 itaque
467 962 535 1006 cum
558 947 626 1023 spei
646 948 719 1009 nihil
743 949 783 1008 ad
801 950 1007 1011 resistendum
1028 957 1119 1026 esset,

143 1032 175 1093 U.
187 1029 335 1092 Carvilius
349 1030 524 1106 Spoletinus
536 1031 609 1093 etc.
621 1031 767 1093 Alranius
782 1049 801 1092 a
815 1033 970 1108 praesidio
982 1035 1120 1097 Romano

142 1115 245 1190 missi,
273 1115 324 1190 qui
345 1131 363 1174 a
382 1114 497 1177 Perseo
513 1121 653 1191 peterent
667 1117 780 1191 primo,
807 1123 841 1177 ut
854 1124 986 1180 armatos
1001 1135 1120 1194 suaque

143 1215 249 1259 seeum
264 1199 397 1260 terentes
413 1198 497 1259 abire
511 1198 634 1274 sineret
657 1199 744 1275 dein,
765 1201 794 1261 si
814 1199 846 1260 id
860 1200 960 1263 minus
976 1201 1120 1278 impetra-

143 1289 228 1358 rent,
252 1283 334 1343 vitae
354 1288 470 1343 tantum
492 1283 702 1358 libertatisque
722 1283 814 1344 iidem
836 1283 1017 1360 acciperent.
1048 1303 1119 1361 pro·

142 1366 270 1428 missum
285 1367 316 1426 id
330 1364 492 1440 benignius
508 1374 556 1426 est
569 1367 608 1427 ab
621 1381 695 1442 rege
711 1383 801 1443 quam
817 1369 1009 1443 praestitum:
1036 1370 1120 1429 exire

142 1451 224 1511 enim
234 1467 296 1511 sua
316 1465 420 1510 secum
435 1449 632 1511 efferentibus
647 1451 742 1510 iussis
756 1450 885 1526 primum
900 1467 985 1512 arma
999 1453 1120 1513 ademit.
1204 1525 1206 1532 Α

141 1533 191 1596 his
205 1535 282 1596 urbe
296 1531 432 1609 egressis
448 1543 478 1594 et
492 1535 664 1612 Illyriorum
679 1533 846 1596 cohors-
862 1534 1019 1610 quingenti
1034 1544 1120 1597 erant
1146 1597 1150 1606 ,

141 1651 185 1664 -
199 1626 230 1679 et
242 1619 440 1680 Uscanenses
456 1634 491 1678 se
505 1619 674 1695 urbemque
686 1618 877 1680 dediderunt.
898 1619 976 1680 XIX.
987 1618 1119 1680 Perseus

142 1703 298 1780 praesidio
313 1703 455 1764 Uscanae
470 1701 613 1778 imposito
629 1701 849 1763 multitudinem
866 1718 986 1763 omnem
1002 1704 1119 1764 dedito·

141 1803 220 1861 rum,
235 1801 316 1861 quae
331 1802 430 1862 prope
444 1801 571 1847 numero
586 1785 752 1846 exercitum
769 1787 936 1861 aequabat,
959 1785 1119 1847 Stuberam

143 1871 275 1931 abducit.
300 1871 343 1931 ibi
362 1871 507 1931 Romanis
526 1890 569 1916 «ὲ
591 1875 733 1946 quattuor
752 1869 835 1930 milia
849 1878 947 1930 autern
964 1869 1119 1930 hominum

142 1961 230 2014 erant
240 1985 284 1998 —
298 1961 420 2030 praeter
432 1955 587 2031 principes
599 1955 630 2013 in
641 1954 812 2018 custodiam
826 1954 990 2014 civitatium
1002 1953 1120 2028 divisis,

145 2038 375 2100 Uscanensibus
385 2038 561 2115 illyriisque
574 2037 706 2100 venditis
721 2038 752 2098 in
767 2037 939 2098 Penestiam
953 2039 1120 2100 exercitum

142 2122 261 2184 reducit
276 2123 319 2182 ad
332 2120 485 2183 anneum
500 2121 648 2198 oppidum
662 2122 692 2181 in
706 2128 890 2197 potestatem
904 2121 1119 2196 redigendum:

143 2215 174 2268 et
188 2206 302 2280 alioqui
318 2212 492 2283 opportune
507 2207 611 2280 situm,
636 2211 667 2266 et
680 2205 825 2266 transitus
846 2221 885 2266 ea
899 2206 989 2265 estin
1003 2205 1119 2264 Labea-

142 2299 198 2365 tes
211 2290 263 2350 ubi
272 2290 397 2351 Gentius
408 2290 565 2366 regnabat.
579 2288 783 2364 praetereunti
794 2289 939 2364 frequens
951 2290 1134 2364 castellum,⁴

141 2373 335 2435 Draudacum
350 2373 481 2450 nomine,
496 2373 663 2451 peritorum
678 2373 801 2450 quidam
815 2371 950 2448 regionis
966 2371 1032 2433 eius
1048 2371 1122 2432 nihil

78 2519 82 2526 ,
143 2457 266 2521 anneo
288 2466 377 2534 capto
399 2475 479 2536 opus
494 2474 566 2520 esse
581 2457 636 2532 ait,
656 2457 715 2518 nisi
729 2456 760 2518 in
774 2463 926 2534 potestate
941 2464 971 2518 et
983 2457 1120 2518 Drauda-

143 2557 213 2603 cum
228 2541 283 2604 sit=
312 2543 516 2618 opportunius
538 2543 627 2604 etlam
643 2541 682 2602 ad
698 2541 800 2604 omnia
814 2541 949 2618 positum
964 2556 1046 2601 esse.
1068 2540 1121 2601 ad-

142 2633 226 2686 moto
241 2627 378 2687 exercitu
393 2643 499 2688 omnes
515 2627 669 2702 extemplo
684 2625 868 2687 dediderunt
882 2639 963 2686 sese.
988 2641 1049 2701 qua
1064 2639 1122 2700 spe

143 2710 291 2770 celeriore
302 2709 456 2772 deditione
467 2717 596 2785 erectus,
613 2717 778 2786 postquam
793 2709 1011 2784 animadvertit,
1026 2725 1119 2784 quan·

144 2802 193 2856 tus
208 2795 335 2870 agminis
350 2795 397 2854 sui
412 2802 510 2857 terror
525 2800 617 2868 essct,
638 2793 780 2854 undecim
796 2792 856 2852 alia
871 2793 997 2854 castella
1012 2792 1121 2853 eodem

142 2885 225 2939 metu
250 2879 281 2938 in
306 2885 488 2955 potestatem
513 2877 632 2952 redigit.
666 2877 706 2938 ad
728 2891 884 2953 perpauca
904 2877 934 2936 vi
955 2891 1035 2952 opus
1057 2875 1120 2950 luit,

144 2967 247 3022 cetera
268 2965 423 3024 voluntate
443 2962 563 3031 dedita;
592 2969 622 3022 et
642 2961 673 3021 in
693 2960 741 3021 his
762 2961 879 3037 recepti
892 2960 974 3020 mille
988 2965 1019 3020 et
1034 2961 1121 3036 quin-

143 3046 227 3120 genti
241 3043 384 3123 dispositi
398 3061 455 3123 per
469 3045 625 3122 praesidia
638 3045 749 3106 milites
763 3044 901 3107 Romani.
925 3060 1036 3120 magno
1051 3043 1121 3104 usui

144 3129 293 3190 Carvilius
316 3130 492 3206 Spoletinus
514 3135 580 3190 erat
598 3132 629 3189 in
650 3129 827 3204 colloquiis,
850 3128 981 3189 dicendo
1003 3127 1075 3189 nihil
1091 3128 1121 3186 in

141 3228 229 3287 ipsos
251 3214 410 3274 saevitum.
438 3213 509 3273 inde
529 3213 569 3274 ad
590 3211 744 3277 anneum
759 3219 937 3288 perventum
953 3218 1015 3285 est,
1038 3210 1122 3284 quod

142 3296 209 3356 sine
229 3295 309 3357 iusta
325 3297 555 3374 oppugnatione
577 3297 645 3372 capi
660 3313 721 3358 non
743 3304 872 3372 poterat.
895 3303 925 3356 et
938 3294 1053 3356 maiore
1068 3293 1121 3352 ali·

142 3388 257 3454 quanto
273 3397 363 3458 quarn
380 3387 483 3441 cetera
496 3381 660 3454 iuventute,
682 3388 712 3441 et
725 3381 860 3441 validum
875 3379 1023 3455 oppidum
1037 3391 1120 3436 moe-

142 3463 231 3526 nibus
254 3473 333 3540 erat,
359 3471 389 3525 et
416 3463 487 3525 hinc
514 3465 611 3525 amnis
633 3466 757 3525 Artatus
779 3463 917 3536 nomine,
942 3461 1013 3522 hinc
1033 3475 1121 3520 mons
