2598 3956
274 203 393 265 trena
406 205 467 265 xo.
483 206 570 266 rone.
586 216 629 272 ιτ.
645 217 686 272 re.
700 217 743 272 19.
765 217 801 284 [a.
817 217 850 272 c.
866 199 927 286 ian]
939 201 945 209 '‘
1047 205 1090 276 69

97 357 217 419 damno
233 355 281 417 sit.
303 353 395 431 legati
408 358 622 432 possessionis
636 358 685 420 ius
700 376 761 422 non
777 368 942 436 mutarunt,
964 373 1088 425 causam

97 440 254 518 integram
267 440 396 500 Romam
411 440 452 501 ad
466 447 606 503 senatum
620 441 801 506 reiecerunt.

189 523 223 584 In
243 523 406 599 Liguribus
427 521 501 584 nihil
522 532 633 601 postea
651 535 781 601 gestum.
812 535 1007 591 recesserant
1026 531 1088 606 pri·

97 623 189 670 mum
202 607 233 668 in
248 607 357 668 devios
372 607 483 682 saltus,
506 608 617 669 deinde
631 610 759 686 dimisso
774 613 912 674 exercitu
925 615 1043 689 passim
1056 616 1088 674 in

97 693 193 754 vicos
215 690 402 766 castellaque
423 707 480 751 sua
501 690 612 768 dilapsi
626 702 706 755 sunt.
741 697 885 757 eonsules
902 689 1028 772 quoque
1043 698 1088 757 di-

97 775 223 836 mittere
237 774 405 848 exercitum
418 775 590 851 voluerunt,
605 793 644 853 ae
657 777 696 854 de
711 793 750 837 ea
763 793 797 838 re
809 785 913 854 patres
924 783 1087 841 consulue-

97 865 183 920 runt
210 859 338 919 alterum
358 873 398 918 ex
411 857 463 918 his
482 858 611 934 dimisso
632 861 771 923 exercitu
791 862 831 922 ad
846 863 1042 938 magistratus
1057 866 1087 924 in

98 958 218 1004 annum
238 942 390 1003 creandos
409 941 516 1002 venire
529 944 656 1005 Romam
678 943 849 1021 iusserunt,
871 947 997 1008 alterum
1018 963 1088 1008 cunr

97 1023 276 1102 legionibus
298 1025 363 1086 suis
377 1023 458 1086 Pisis
478 1025 624 1087 hiemare.
654 1029 736 1089 suma
750 1037 815 1109 erut
829 1030 933 1091 Gallos
946 1028 1087 1090 Transal-

98 1110 195 1187 pinos
215 1109 402 1178 iuventutem
422 1109 558 1184 armare,
580 1125 638 1172 nec
657 1111 688 1173 in
704 1113 967 1194 quemlregionem
982 1113 1086 1176 ltaliae
1141 1157 1144 1162 -

98 1193 240 1256 effusura
260 1208 296 1254 aa
315 1192 474 1254 multitudo
489 1200 575 1255 esset
589 1193 752 1257 sciebatur.
777 1197 819 1257 ita
831 1195 911 1260 inter
925 1213 960 1258 se
975 1213 1086 1259 consu·

98 1279 148 1338 les
170 1283 400 1354 compararunt,
420 1277 522 1338 utcn.
537 1278 670 1340 Baebius
688 1279 865 1342 od-comitia
879 1281 944 1355 iret,
960 1281 1031 1357 quia
1045 1281 1085 1340 M.

99 1359 235 1422 Baebius
250 1361 342 1421 irater
356 1359 423 1422 eius
441 1363 633 1423 consulatum
647 1362 781 1442 petebat.

186 1443 294 1516 XVIII.
316 1442 443 1506 comitia
462 1445 649 1518 consulibus
662 1445 808 1521 rogandis
824 1447 935 1527 lueres⁴
945 1447 1038 1508 creati
1051 1446 1083 1506 P.

100 1528 261 1589 Cornelius
273 1527 424 1604 Cethegus
434 1527 475 1588 Μ.
486 1527 620 1590 Baebius
628 1528 816 1606 Tamphilus.
839 1536 998 1606 praetores
1014 1530 1087 1590 inde

101 1611 175 1673 lacti
195 1611 257 1673 duo
272 1610 307 1686 Q.
321 1611 421 1687 Fabii,
441 1611 593 1672 Maximus
608 1621 639 1676 et
652 1615 764 1696 Buteo,
784 1612 828 1675 Ti.
845 1612 987 1676 claudius
1003 1613 1083 1674 Nero

101 1695 136 1771 Q.
150 1695 287 1757 Petillios
305 1694 456 1771 Spurinus
470 1696 511 1757 lli.
529 1695 667 1758 Pinarius
681 1698 782 1760 Posce
795 1698 828 1758 L.
843 1696 1007 1759 Duronius.
1035 1697 1084 1758 his

101 1781 176 1841 inito
193 1781 370 1855 magistratu
390 1779 567 1854 provinciae
587 1780 630 1842 ita
650 1788 733 1844 sorta
753 1783 934 1842 evenerunts
955 1781 1083 1857 Ligures

100 1863 297 1936 consulibus,
319 1861 512 1938 praetoribus
528 1863 561 1938 Q.
575 1863 692 1926 Petillio
707 1865 838 1937 urbana,
862 1864 896 1940 Q.
911 1863 1005 1926 FabIo
1020 1863 1082 1922 lla-

101 1949 185 2008 ximo
200 1948 377 2023 peregrina,
399 1946 433 2020 Q.
447 1947 542 2008 Fabio
557 1947 687 2009 Buteoni
702 1947 813 2022 Gallie,
826 1949 869 2009 Ti.
886 1948 1011 2010 claudio
1026 1948 1082 2008 Ne-

100 2030 170 2093 roni
188 2029 306 2105 SicIIIa,
327 2030 368 2090 M.
382 2029 501 2091 Pinario
524 2029 679 2108 Sardinia,
701 2033 734 2093 L.
749 2031 887 2094 BuronIo
904 2032 1032 2108 Apulia;
1055 2039 1085 2092 et

101 2115 196 2178 litstri
215 2115 341 2189 adiecti,
370 2113 454 2190 quod
473 2113 627 2175 TurentIni
647 2115 885 2191 Brundisinique
906 2115 1084 2176 nuntiabant

100 2199 269 2260 maritimos
290 2213 381 2274 agros
399 2198 529 2258 infestos
543 2198 951 2259 transmarinarumnaviunr
963 2200 1083 2258 latroci-

101 2285 160 2345 niis
182 2297 262 2345 esse.
295 2283 404 2344 eadem
417 2281 629 2342 MassilIenses
650 2282 690 2342 da
702 2282 844 2356 Ligurum
863 2280 994 2342 navibus
1010 2297 1084 2356 que·

21 2437 22 2448 ἵ
101 2369 258 2429 rebantur.
286 2365 440 2427 exercitus
460 2365 533 2426 inde
547 2365 683 2427 decreti..
701 2372 844 2442 quattuor
857 2364 1000 2440 legiones
1011 2379 1084 2426 con·

21 2453 22 2480 ³
102 2453 203 2525 sules,
227 2449 320 2524 quina
339 2447 421 2510 milia
442 2449 581 2510 ducenos
601 2449 759 2512 Romanos
779 2448 914 2526 pedites,
941 2454 1083 2510 trecenos

21 2561 23 2588 t
102 2534 251 2596 haberent
264 2533 393 2610 equiles
407 2539 438 2594 et
452 2531 628 2610 quindecim
642 2533 725 2595 milia
740 2533 858 2595 sociunr
870 2549 907 2594 ac
916 2531 1014 2594 Latini
1028 2548 1083 2592 no·

26 2672 29 2681 .
101 2619 202 2695 nlnls,
218 2615 409 2694 octingentos
425 2615 553 2694 equites.
574 2618 607 2677 in
617 2617 773 2694 Hispaniis
790 2623 989 2693 prorogatum
1001 2625 1084 2676 vete·

100 2703 187 2763 ribus
209 2701 401 2777 praetoribus
414 2701 575 2778 imperium
589 2707 637 2762 est
652 2717 722 2762 eum
737 2701 921 2762 exercitibus
937 2715 1016 2774 quos
1032 2699 1084 2758 ha·

102 2785 224 2858 berent,
240 2791 271 2846 et
284 2785 314 2844 in
329 2785 575 2866 supplementum
591 2784 715 2845 decreta
728 2784 786 2844 trie
799 2784 881 2843 milia
896 2782 1008 2844 civium
1022 2783 1083 2842 Ro·

101 2883 277 2942 manorum,
299 2867 421 2930 ducenti
432 2867 569 2944 equitas,
593 2875 624 2928 et
638 2867 756 2930 socium
770 2866 868 2928 Latini
881 2865 1012 2926 nominis
1028 2880 1085 2927 sex

103 2953 186 3014 milia
196 2951 611 3028 peditumtrecentiequites.
627 2967 685 3013 nec
695 2950 741 3012 rei
747 2951 865 3012 navalis
878 2966 953 3012 cura
959 2949 1083 3011 omissa.

105 3036 283 3098 duumviros
298 3036 329 3096 in
349 3052 417 3096 earn
437 3051 501 3096 rem
522 3037 667 3097 consules
689 3033 906 3107 creare-iussi,
927 3047 985 3109 per
1005 3049 1084 3110 quos

102 3135 199 3181 naves
223 3119 330 3196 vIginti
355 3119 505 3182 deductae
531 3119 689 3181 navalibus
714 3117 808 3180 sociis
834 3118 952 3179 civibus
973 3117 1084 3180 Roma-

104 3203 161 3276 nis,
179 3204 230 3279 qui
244 3203 419 3264 servitutem
434 3203 612 3278 sensissent,
630 3204 864 3279 complerentur,
880 3201 1004 3278 ingenui
1019 3210 1084 3262 tan·

104 3294 166 3348 turn
178 3293 214 3348 ut
227 3287 265 3348 iis
285 3295 475 3362 praeessent.
510 3287 588 3348 inter
608 3286 786 3348 duumviros
801 3283 845 3346 ita
857 3285 956 3346 divisa
970 3284 1085 3344 tuenda

105 3369 192 3431 denis
213 3370 343 3432 navibus
356 3369 512 3431 ·lnaritima
528 3387 596 3445 ora,
618 3376 651 3430 ut
666 3369 905 3446 promontorium
920 3366 958 3426 iis
972 3365 1084 3426 Miner·

104 3469 162 3516 vae
182 3454 265 3515 velut
282 3454 375 3514 cardo
391 3454 420 3512 in
435 3454 536 3516 medio
557 3461 656 3522 esset;
686 3455 762 3514 alter
776 3453 848 3513 inde
861 3452 1000 3512 dextram
1015 3463 1087 3525 par·
