2592 3964
213 226 1096 306 mfflfflmwfflffl

217 381 348 443 summis
373 379 495 456 pretiis,
521 381 601 441 ultro
622 379 733 441 tributa
757 379 869 442 infimis
899 379 1086 439 locavemnt.
1117 392 1197 452 quas

214 466 387 528 locationes
403 479 470 524 cunr
483 471 607 525 senatus
623 462 765 539 precibus
776 469 806 522 et
819 463 951 523 lacrimis
963 461 1196 537 publicanorum

215 550 316 609 victos
333 548 434 608 induci
450 555 480 607 et
495 547 534 608 de
547 548 663 623 integro
679 547 775 609 locari
789 547 941 620 iussisset,
957 560 1113 617 censores,
1130 544 1196 604 edi-

213 640 266 693 cto
286 631 446 694 summotis
462 629 500 690 ab
516 632 605 692 hasta
620 631 671 706 qui
692 630 837 692 ludificati
859 630 991 706 priorem
1010 628 1196 689 locationem

212 714 436 789 erantsomnia
451 715 560 776 eadem
574 717 699 792 paulum
713 713 877 774 imminutis
893 712 996 790 pretiis
1006 713 1195 772 locavemnt.

213 798 327 860 nobilis
343 813 475 859 censura
495 799 552 860 luit
570 797 826 874 simultatiumque
850 798 955 875 plena,
974 811 1053 870 quae
1066 795 1107 855 Μ.
1120 794 1194 854 Por·
1226 839 1227 842 ¹

215 884 310 958 cium,
336 881 385 943 cui
400 881 552 944 acerbitas
572 897 610 942 ea
630 881 863 957 adsignabatur,
886 895 1081 956 peromnem
1101 879 1194 938 vitam

211 971 426 1028 exercuerunt.

297 1049 416 1112 Eodem
430 1049 669 1110 anno-coloniae
684 1051 777 1121 duae,
793 1047 929 1108 Potentia
940 1048 970 1107 in
980 1047 1131 1120 Picenum,
1147 1045 1195 1106 Pi-

213 1149 339 1194 saurom
359 1132 389 1191 in
413 1131 558 1194 Gallicum
582 1149 703 1209 agrum,
724 1132 873 1195 deductae
885 1139 965 1192 sunt.
994 1147 1070 1192 sena
1088 1131 1194 1207 iugera

215 1217 245 1274 in
266 1216 404 1290 singulos
421 1215 500 1276 data.
530 1215 701 1277 diviserunt
719 1232 826 1292 agrum
841 1215 1041 1291 coloniasque
1057 1214 1194 1274 deduxe-

213 1305 285 1360 runt
299 1299 391 1358 iidem
407 1297 565 1376 triumviri,
582 1299 616 1374 Q.
631 1299 743 1360 Fabius
759 1299 873 1376 Labeo,
893 1305 923 1359 et
935 1297 976 1358 M.
992 1305 1023 1358 et
1037 1298 1070 1372 Q.
1085 1297 1192 1370 Fulvii,

213 1383 343 1443 Flaccus
359 1389 390 1443 et
402 1381 549 1443 Nobilior.
592 1383 683 1443 XLV.
706 1385 850 1444 consules
868 1382 935 1444 eius
951 1381 1021 1442 anni
1039 1397 1096 1442 nec
1111 1381 1192 1442 domi

214 1482 273 1526 nec
288 1465 410 1527 militiae
425 1465 621 1528 memorabile
639 1468 803 1544 quicquam
818 1473 953 1543 egerunt.
982 1467 1012 1525 in
1029 1466 1193 1540 insequen-

214 1556 274 1610 tem
290 1565 403 1610 annum
418 1556 561 1611 crearunt
575 1553 719 1611 consules
739 1551 780 1611 Μ.
796 1550 952 1611 Claudium
967 1548 1144 1609 Marcellum
1159 1548 1194 1622 Q.

215 1631 341 1693 Fabium
356 1631 540 1693 Labeonem.

298 1715 339 1773 M.
358 1715 501 1776 Claudius
520 1715 797 1790 archirannus
818 1717 949 1791 Martiis,
973 1731 1034 1792 quo
1056 1715 1107 1776 die
1122 1730 1193 1775 con-

215 1798 347 1859 sulatum
361 1799 504 1876 inierunt,
525 1801 565 1860 de
580 1801 745 1877 provinciis
766 1802 830 1862 suis
854 1806 1089 1876 praetorumque
1103 1805 1194 1860 rettu-

107 1887 108 1890 ’
214 1884 324 1942 lerunt.
356 1889 513 1959 praetores
536 1885 627 1945 creati
643 1893 729 1947 eraut
743 1886 774 1947 c.
789 1885 934 1945 Valerius
955 1882 1067 1945 flamen
1088 1882 1193 1954 Dialis,

215 1967 268 2041 qui
283 1973 314 2026 et
328 1968 430 2041 priore
445 1983 525 2027 anno
543 1969 685 2043 petierat,
708 1977 738 2030 et
758 1968 812 2043 Sp.
827 1967 1001 2028 Postumius
1015 1965 1145 2027 Albinus
1166 1973 1196 2025 el

214 2049 248 2108 P.
273 2049 431 2110 Cornelius
459 2049 592 2112 Sisenna
611 2052 645 2111 L.
666 2052 780 2127 Pupius
804 2053 839 2112 L.
859 2051 953 2112 lullus
975 2051 1028 2110 cn.
1051 2049 1193 2110 Sicinius.

212 2133 395 2193 consulibus
405 2134 534 2210 Ligures
553 2151 621 2198 cum
638 2137 747 2196 iisdem
762 2135 956 2208 exercitibus,
970 2149 1051 2210 quos
1062 2132 1094 2192 P.
1107 2133 1195 2194 Clau·

214 2217 286 2276 dius
301 2223 332 2277 et
344 2215 379 2277 L.
397 2216 524 2280 Porcius
540 2217 722 2294 habuerant,
741 2219 900 2296 provincia
916 2217 1039 2278 decreta
1051 2223 1108 2278 est.
1142 2216 1195 2277 Hi·

216 2301 345 2374 spaniae
369 2307 456 2360 extra
476 2310 590 2362 sortem
611 2303 722 2378 prioris
741 2303 812 2364 anni
834 2301 1025 2379 praetoribus
1046 2317 1115 2362 cum
1129 2301 1193 2361 suis

212 2379 400 2444 exercitibus
416 2391 568 2445 servatae.
598 2393 755 2460 praetores
778 2387 820 2447 ita
840 2385 940 2446 sortiri
961 2385 1053 2458 iussi,
1074 2385 1117 2446 uti
1138 2383 1193 2444 lla-

214 2467 288 2526 mini
302 2466 380 2526 Diali
395 2465 498 2541 utique
513 2469 607 2528 altera
620 2469 694 2530 iuris
710 2469 830 2532 dicendi
844 2471 961 2530 Rornae
972 2468 1130 2545 provincia
1145 2483 1193 2528 es·

107 2547 109 2550 ’
212 2556 279 2613 set:
294 2548 485 2624 peregrinam
501 2543 550 2611 est'
570 2553 703 2614 sortitus.
735 2553 884 2615 Sisennae
905 2551 1044 2614 Cornelio
1065 2552 1193 2627 urbana,

213 2632 271 2708 Sp.
287 2631 443 2693 Postumio
458 2631 570 2710 Sicilia,
584 2636 618 2695 L.
634 2635 729 2712 Pupio
744 2637 864 2713 Apulia,
881 2637 914 2696 L.
929 2636 1004 2698 lulio
1017 2637 1123 2710 Gallia,
1139 2635 1193 2696 Gn.

213 2715 331 2777 Sicinio
352 2714 494 2778 Sardinia
514 2721 624 2781 evenit.
666 2722 700 2781 L.
723 2721 817 2782 Iulius
838 2727 989 2782 maturare
1010 2727 1058 2782 est
1077 2720 1192 2780 iussus.

212 2800 292 2860 Galli
306 2800 498 2878 Transalpini
516 2820 571 2879 per
591 2804 687 2866 saltus
707 2805 829 2880 ignotae
849 2812 939 2866 antea
960 2803 1047 2880 viae,
1070 2810 1104 2865 ut
1124 2809 1193 2866 ante

213 2885 327 2944 dictum
343 2892 405 2959 est,
420 2884 450 2945 in
465 2887 581 2947 ltaliam
595 2887 781 2963 transgressi
801 2889 949 2965 oppidum
971 2889 1001 2948 ia
1021 2903 1113 2964 agro,
1137 2888 1190 2962 qui

215 2983 295 3028 nunc
310 2976 358 3029 est
371 2968 594 3045 Aquileiensis,
609 2971 821 3032 aedificabant.
844 2972 875 3032 id
890 2987 946 3032 eos
960 2978 993 3032 ut
1008 2971 1191 3048 prohiberet,

214 3051 298 3128 quod
315 3051 382 3110 eius
398 3051 465 3110 sine
479 3051 560 3113 bello
582 3061 705 3130 posset,
727 3056 859 3132 praetori
880 3055 1054 3116 mandatum
1078 3061 1134 3116 est.
1165 3055 1191 3114 si

213 3133 308 3193 armis
324 3133 507 3208 prohibendi
528 3143 647 3212 essent,
668 3139 813 3200 consules
832 3141 978 3201 certiores
993 3140 1122 3200 iacerem
1152 3153 1191 3200 ex

214 3217 263 3278 bis
278 3219 401 3292 placere
416 3219 544 3280 altemm
559 3221 709 3284 adversus
726 3223 829 3284 Gallos
845 3225 957 3284 ducere
970 3221 1116 3298 legiones.

299 3301 443 3362 Extremo
459 3302 571 3378 prioris
590 3305 661 3366 anni
676 3306 797 3367 comitia
811 3306 935 3383 auguris
951 3306 1075 3368 creandi
1090 3304 1192 3366 habita

212 3392 310 3446 erant.
351 3386 381 3446 in
404 3385 554 3450 demortui
576 3387 630 3450 cn.
651 3388 781 3450 Cornelii
800 3390 918 3451 Lentuli
944 3391 1044 3451 locum
1072 3396 1192 3451 creatus

213 3476 281 3529 erat
295 3469 349 3547 Sp.
364 3470 535 3534 Postumius
549 3471 689 3534 Albinus.
728 3473 832 3534 XLVI.
847 3474 938 3535 huius
954 3471 1105 3550 principio
1122 3470 1193 3535 anni
