2598 3956
184 192 248 260 lbl)
380 196 493 257 LIBER
507 195 595 256 xttt.
619 194 701 255 CAP.
718 205 743 256 l.
765 202 802 269 [a.
816 201 851 254 U.
863 218 888 254 c.
900 200 964 270 5'19]

499 443 643 539 titt
681 441 824 536 LlVl

454 607 508 668 AB
536 607 653 669 URBE
683 605 887 670 CONDITA

556 740 668 803 LIBER
688 733 776 814 xutt.

194 975 342 1030 LPI'lOME.
370 975 402 1036 Q.
422 975 525 1027 Fulvius
544 975 649 1027 Flaccus
673 990 762 1026 censor
778 973 902 1041 templum
919 975 1022 1026 lunonis
1039 976 1161 1029 Laciniae

227 1046 321 1112 tegulis
339 1045 487 1094 mennoreis
505 1043 638 1110 spoliavit,
656 1053 684 1095 ut
702 1044 791 1095 aedem
808 1057 885 1107 qnam
904 1042 1037 1095 dedicabat
1052 1053 1158 1112 tegeret.

227 1114 328 1182 tegulae
344 1129 377 1164 ex
393 1121 496 1163 senatus
515 1112 629 1164 consulto
647 1119 799 1179 reportatae.
834 1113 958 1163 Eumenes
976 1113 1054 1166 Asiae
1069 1131 1116 1166 rex
1133 1119 1159 1166 iu

233 1191 321 1234 senato
341 1182 373 1231 de
391 1181 483 1234 Perseo
503 1182 667 1233 Macedoniae
684 1197 745 1248 rege
763 1188 868 1246 questus
884 1188 944 1240 esta
961 1183 1035 1233 cuius
1050 1183 1160 1242 iniuriae

231 1255 257 1304 ia
272 1249 394 1318 populum
412 1251 553 1302 Romanum
572 1251 725 1302 relemntnr.
758 1252 790 1302 ob
809 1265 872 1315 quas
890 1249 958 1301 bello
976 1251 1001 1301 ei
1016 1252 1112 1304 indicto
1130 1255 1158 1304 Ρ.

228 1321 341 1373 Licinius
356 1319 461 1370 Crassus
480 1320 581 1380 consul,
600 1321 640 1370 cui
658 1319 685 1370 id
702 1319 849 1370 mandatnm
866 1326 928 1381 erat,
946 1320 972 1369 in
987 1321 1158 1373 Macedoniam

227 1391 335 1448 transiit,
353 1388 501 1452 levibusque
514 1389 727 1455 expeditionibus,
746 1388 906 1453 equestribus
917 1387 1030 1455 proeliis,
1043 1391 1069 1440 iu
1080 1389 1160 1441 Thes·

230 1458 296 1510 salia
312 1473 370 1508 cum
386 1459 477 1508 Perseo
494 1471 585 1524 parum
600 1457 669 1508 felici
687 1466 779 1509 eventu
794 1457 928 1524 pugnavit.
960 1459 1026 1510 iuter
1042 1459 1159 1510 Masinis-

228 1543 282 1578 sam
301 1536 325 1577 et
342 1525 562 1592 Carthaginienses
579 1527 610 1576 de
628 1541 690 1592 agro
705 1527 821 1590 quaestio
837 1526 892 1586 fuit,
910 1525 965 1576 dies
983 1527 1021 1577 els
1031 1528 1065 1578 ad
1077 1528 1158 1578 disce·

227 1597 350 1662 pmndum
373 1601 494 1645 asenatu
518 1596 602 1646 datus.
637 1595 714 1662 legati
737 1595 810 1646 missi
831 1595 865 1646 od
887 1595 1002 1646 civitates
1029 1597 1111 1646 socias
1134 1605 1158 1646 et

230 1679 304 1731 reges
329 1664 456 1730 rogandos
481 1673 508 1714 ut
525 1665 551 1713 in
569 1663 619 1714 lide
637 1671 826 1730 permanerent,
848 1663 1020 1715 dubitantibus
1041 1663 1157 1715 Rhodiis.

230 1733 337 1783 iustmm
354 1747 370 1782 a
386 1733 532 1782 censoribus
553 1732 684 1797 eonditum
707 1741 760 1783 est:
786 1747 863 1784 censa
883 1739 942 1783 sunt
962 1733 1055 1784 maium
1074 1735 1159 1798 nepita

229 1803 337 1852 ducenta
353 1802 536 1868 quinquaginta
553 1809 649 1867 septem
669 1801 738 1852 milia
757 1803 865 1853 ducenta
885 1801 989 1868 triginta
1006 1817 1091 1856 unum
1118 1817 1158 1852 res

183 1899 185 1902 ·
230 1878 361 1936 praeterea
379 1871 503 1920 adversus
522 1869 614 1921 Corsos
633 1878 657 1920 et
672 1870 779 1936 Ligures
797 1883 918 1937 prospere
934 1877 1021 1936 gestas
1038 1871 1157 1922 continet.

264 2023 287 2082 l.
315 2023 348 2082 L.
370 2022 543 2083 Postumius
567 2022 697 2088 Albinus
718 2022 758 2082 M.
778 2021 924 2098 Popillius
944 2021 1064 2084 Laenas
1091 2040 1159 2085 eum

179 2107 313 2171 omniurn
328 2106 456 2183 primum
472 2105 511 2166 de
526 2100 692 2182 provinciis
708 2106 957 2183 exercitibusque
968 2105 1008 2168 ad
1020 2116 1159 2169 senatum

178 2191 379 2266 rettulissent,
396 2190 522 2266 Ligures
537 2191 659 2266 utrique
673 2189 788 2251 decreti
803 2197 882 2262 sunt,
898 2198 932 2253 ut
945 2207 1044 2254 novas
1058 2194 1158 2266 ambo,

180 2277 291 2353 quibus
306 2291 373 2335 eam
388 2272 578 2351 provinciam
593 2275 771 2348 obtinerent,
789 2274 928 2350 legiones
943 2310 979 2321 —
993 2276 1084 2339 binae
1098 2277 1159 2338 sin-

178 2360 257 2436 gulis
272 2359 413 2420 decretae
428 2393 464 2402 -
478 2366 508 2420 et
522 2357 640 2419 socium
653 2356 751 2419 Latini
770 2359 901 2420 nominis
917 2361 997 2420 dena
1012 2361 1093 2421 milia
1107 2377 1160 2436 pe·

178 2444 272 2505 ditum
284 2449 314 2502 et
325 2456 477 2502 sexcenos
489 2443 617 2517 equites,
630 2449 660 2502 et
672 2443 915 2518 supplementum
926 2443 1093 2520 Hispaniae
1104 2444 1160 2512 trio

178 2525 261 2587 milia
273 2524 410 2601 peditum
419 2527 626 2586 Romanorum
640 2524 810 2586 scriberent
823 2533 854 2588 et
868 2527 1016 2590 ducentos
1030 2529 1158 2604 equites.

178 2609 298 2670 adhoc
322 2608 403 2668 mille
422 2615 454 2670 et
473 2608 628 2684 quingenti
654 2610 774 2686 pedites
794 2611 923 2672 Romani
950 2627 1019 2673 cum
1040 2620 1159 2674 eentum

179 2691 333 2770 equitibus
356 2691 448 2753 scribi
470 2691 561 2767 iussi,
583 2706 653 2754 cum
671 2693 782 2770 quibus
799 2701 937 2771 praetor,
956 2696 1005 2758 eui
1020 2694 1161 2758 Sardinia

179 2777 354 2854 obtigisset,
374 2776 576 2853 incursicam
596 2784 808 2852 transgressus
825 2778 937 2842 bellum
957 2786 1093 2856 gererem
1115 2782 1159 2840 in-

178 2861 266 2924 terim
279 2861 320 2921 bl.
334 2861 446 2922 Atilius
466 2869 554 2924 vetus
573 2869 699 2937 praetor
719 2863 908 2938 provinciam
923 2862 1074 2924 obtineret
1088 2864 1158 2924 Sar-

178 2945 302 3006 diniam.
331 2952 490 3021 praetores
506 2945 617 3007 deinde
632 2946 808 3022 provincias
823 2947 920 3009 sortiti
935 2954 1019 3023 sunt,
1040 2947 1078 3007 A.
1092 2947 1158 3007 Ati-

178 3029 238 3089 lius
253 3027 404 3089 Serranus
424 3029 587 3102 urbanam,
611 3029 641 3090 G.
658 3030 784 3093 cluvius
799 3031 915 3092 Saxula
935 3031 1013 3092 inter
1030 3028 1114 3091 cives
1130 3039 1160 3092 et

178 3109 373 3186 peregrinos,
397 3112 432 3170 N.
453 3112 566 3174 Fabius
587 3113 684 3174 Buteo
705 3115 884 3192 Hispaniam
908 3112 1093 3189 citeriorem,
1117 3115 1159 3175 Μ.

177 3193 328 3256 Matienus
342 3194 533 3271 ulteriorem,
548 3196 589 3258 M.
604 3197 713 3260 Furius
729 3196 891 3276 Crassipes
906 3198 1049 3275 Siciliam,
1066 3199 1097 3261 G.
1113 3199 1159 3260 ct-

178 3277 298 3342 aereius
315 3276 495 3340 Sardiniam.
528 3281 709 3358 priusquam
732 3285 762 3347 in
776 3281 954 3362 provincias
965 3281 1162 3360 magistratus

177 3363 464 3439 proficiscerentur,
485 3367 604 3426 senatui
619 3367 733 3443 placuit
745 3367 779 3428 t.
794 3366 984 3431 Postumium
1000 3365 1158 3434 consulem

177 3449 217 3508 ad
232 3464 337 3526 agrum
351 3446 508 3527 publicam
522 3465 541 3510 a
553 3448 673 3526 privato
686 3451 907 3514 terminandum
921 3450 952 3513 in
965 3449 1160 3530 Campaniam
