2570 3952
189 230 251 292 316
359 229 555 290 ΕΡΙΤΟΜΑΕ
570 230 774 291 LIBRORUM
791 231 998 291 CXI-CXVI.

187 380 306 436 praesidiis
326 381 374 420 eius
395 391 444 421 eum
463 391 541 432 magna
557 379 620 420 clade
635 379 737 422 diversae
752 381 823 433 partis
838 380 972 432 expugnatis
986 379 1102 422 obsidione
1116 381 1179 423 libe-

185 439 255 484 ratus,
274 435 384 476 translato
399 436 421 474 in
429 433 566 474 Thessaliam
581 433 647 484 bello,
663 434 722 486 apud
730 433 868 476 Pharsaliam
883 435 931 474 acie
946 434 1018 475 victua
1033 437 1075 476 est.
1093 435 1179 477 Cicero

187 492 208 531 in
225 489 305 529 castris
319 489 437 538 remansit,
458 491 492 529 vir
511 487 564 529 nihil
584 489 656 528 minus
672 499 737 540 quam
752 487 780 528 ad
795 487 854 528 bella
869 490 946 536 natusa
967 488 1113 541 omnibusque
1135 489 1178 530 ad.

186 553 300 584 versatum
315 543 418 596 partium,
436 543 473 593 qui
488 551 513 583 se
527 542 634 594 potestati
649 543 740 583 victoris
755 543 910 594 permiserunt,
927 542 1009 584 Caesar
1023 544 1116 595 ignovit.

240 597 307 638 cxii.
329 597 457 649 Trepidaiio
472 597 579 637 victarum
595 599 690 648 partium
709 599 731 638 iu
747 597 847 638 diversas
862 597 922 636 orbis
936 599 1043 638 terrarum
1058 601 1138 648 partes
1154 600 1180 639 et

186 653 238 702 iuga
252 650 387 690 reseruntur.
408 650 450 695 Cn.
465 650 586 703 Pompeius
600 661 649 690 cum
663 654 786 703 Aegyptum
802 649 908 705 petisset,
925 651 984 690 iussu
1001 651 1124 692 Ptolemaei
1141 662 1177 694 re·

184 706 219 755 gis
235 704 325 756 pupilli,
341 708 431 746 auctore
446 702 559 746 Theodoto
575 708 726 757 praeceptore,
741 705 803 745 cuius
819 703 877 754 apud
892 715 965 756 regern
979 715 1057 756 magna
1071 708 1119 745 erat
1136 718 1177 746 au-

185 761 291 808 startias,
307 761 330 798 et
344 757 449 808 Pothino,
470 760 557 800 accisus
572 762 607 799 est
622 759 648 798 ab
664 758 763 809 Achilla,
785 758 819 798 cul
835 757 858 798 id
873 759 959 798 lacinus
973 761 1021 800 erat
1035 759 1175 811 delegatum,

185 813 206 851 in
227 809 342 862 navicula,
362 817 481 868 antequam
503 815 524 854 in
546 815 626 854 11111111
646 814 725 854 exiret.
745 811 849 853 Cornelia
868 823 923 851 uxor
944 816 966 852 et
981 813 1034 854 Sex.
1050 811 1177 865 Pompeius

184 866 243 908 filius
259 867 348 919 Cypron
363 867 498 919 refugerunt.
519 866 601 908 Caesar
616 870 667 919 post
680 867 770 907 tertium
785 867 843 906 diem
858 866 985 916 insecutus,
1000 878 1050 906 cum
1064 870 1085 908 et
1100 867 1176 908 11111-

184 921 252 961 dutus
268 926 335 973 caput
350 922 449 974 Pompeii
465 924 487 961 et
501 921 591 962 anulum
606 921 737 971 obtulisset,
758 920 1110 971 1111111111111111111111111
1132 934 1176 962 uec

185 975 233 1014 sine
253 975 352 1026 periculo
372 975 535 1016 Alexandream
555 975 724 1015 tumultuantem
745 975 846 1017 intravit.
867 972 948 1014 Caesar
969 974 1062 1016 dictator
1081 980 1177 1017 creatus

185 1028 326 1079 Cieopatram
342 1031 363 1068 in
383 1040 474 1080 regnum
490 1031 585 1082 Aegypti
600 1028 701 1078 reduxit,
722 1032 744 1068 et
758 1028 888 1068 inferentem
904 1029 986 1070 bellum
1001 1029 1078 1069 lisdem
1094 1035 1174 1071 aucto-

184 1083 247 1122 ribus
255 1082 416 1133 Ptolemaeum,
432 1083 513 1134 quibus
525 1083 654 1134 Pompeium
668 1083 815 1131 interiecerat,
832 1092 880 1122 cum
895 1093 974 1133 magno
987 1093 1027 1123 suo
1044 1082 1176 1125 discrimine

184 1136 247 1177 vicit.
264 1135 408 1178 Ptolemaeus
423 1136 473 1177 dum
490 1137 552 1188 rugit,
568 1137 650 1177 inltiiio
665 1136 768 1178 navicula
781 1135 891 1176 subsedit.
906 1140 1022 1189 praeterea
1035 1138 1175 1179 laboriosum

183 1189 215 1231 iii.
231 1189 323 1231 Catonis
339 1191 362 1230 in
377 1191 451 1232 Airica
465 1201 505 1243 per
520 1191 608 1232 deserta
624 1201 672 1231 cum
692 1190 816 1243 legionibus
831 1191 884 1239 iter,
903 1193 925 1231 et
940 1190 1023 1232 bellum
1038 1203 1051 1231 a
1065 1190 1106 1234 Cn.
1123 1192 1174 1232 Do·

183 1243 244 1282 mitio
260 1243 369 1284 adversus
384 1243 519 1286 Pharnacem
535 1256 612 1298 1111111
626 1255 733 1297 prospere
747 1247 832 1296 gestum
848 1246 955 1288 continet.

237 1297 315 1339 CXill.
337 1298 476 1340 Confirmatis
496 1301 518 1339 in
539 1299 614 1341 Africa
629 1300 769 1352 Pompeianis
784 1299 898 1350 partibus,
919 1299 1034 1351 imperium
1049 1311 1125 1340 earum
1144 1301 1164 1340 P

182 1351 283 1404 Scipioni
299 1352 397 1394 delatum
412 1356 447 1394 est
462 1353 558 1404 Catone,
581 1356 616 1395 cul
632 1364 746 1406 exaequo
761 1352 901 1394 deserebatur
916 1353 1044 1405 imperium,
1065 1353 1171 1399 cedente.

183 1410 204 1445 et
224 1417 273 1446 cum
294 1407 321 1448 de
342 1407 450 1448 diruenda
470 1408 524 1447 urbe
539 1407 603 1448 Utica
617 1411 709 1460 propter
725 1407 821 1447 lavarem
838 1405 935 1447 civitatis
950 1407 998 1448 eius
1013 1408 1034 1448 iu
1050 1408 1171 1450 Caesarem

183 1458 357 1510 deliberaretur,
374 1461 441 1513 idque
456 1473 483 1501 ne
498 1461 561 1503 deret
574 1462 604 1502 Μ.
621 1462 676 1502 Cato
691 1463 811 1508 tenuisset,
827 1461 880 1500 iuba
895 1461 1016 1511 suadente,
1031 1464 1055 1501 11
1069 1461 1161 1514 diruere

183 1517 230 1562 tur,
250 1514 322 1554 tutela
337 1517 385 1556 elus
400 1520 422 1555 et
437 1514 539 1556 custodia
554 1514 656 1556 mandata
672 1519 707 1555 est
722 1515 808 1557 Catoni.
830 1514 870 1555 Cu.
886 1515 1005 1568 Pompeius
1020 1515 1094 1567 Magni
1109 1517 1170 1558 lilius

183 1569 204 1606 iu
221 1568 327 1620 Hispania
348 1570 469 1610 contractis
484 1569 581 1618 risibus,
601 1580 693 1621 quarum
709 1569 812 1609 ducatum
827 1579 869 1610 nee
883 1569 987 1609 Afranius
1008 1581 1048 1609 nec
1062 1569 1169 1612 Petreius

183 1622 288 1674 excipere
303 1621 421 1672 volebant,
440 1622 524 1663 bellum
539 1624 647 1664 adversus
662 1624 779 1664 Caesarem
793 1623 917 1668 renovavit.
938 1622 1064 1664 Pharnaces
1078 1624 1168 1664 111111111-

183 1674 241 1715 datis
259 1673 326 1726 iilius,
341 1686 381 1716 rex
393 1676 465 1725 Ponti,
480 1676 529 1716 sine
544 1677 591 1718 ulla
606 1678 660 1719 belii
675 1688 736 1717 mora
751 1678 823 1717 victus
836 1679 878 1720 est.
895 1678 1169 1720 cumseditlonesltomae

181 1739 194 1767 a
209 1729 235 1769 P.
250 1729 372 1772 Dolabella
386 1731 476 1772 tribuno
491 1731 574 1782 piebis,
592 1730 663 1783 legem
679 1731 763 1772 terente
778 1731 805 1771 de
820 1733 882 1772 novis
897 1731 991 1782 tabuiis,
1008 1733 1119 1772 excitatae
1133 1743 1169 1773 es-

182 1786 244 1832 sent,
269 1787 291 1824 et
305 1795 334 1824 ex
349 1795 376 1824 ea
390 1795 459 1830 causa
477 1785 543 1837 plebs
562 1785 747 1836 tumultuaretur,
767 1785 863 1826 Inductis
876 1797 889 1825 a
903 1785 935 1829 111.
951 1787 1044 1826 Antonio
1060 1787 1169 1838 magistro

182 1837 280 1888 equitum
297 1838 319 1878 111
334 1839 410 1879 urbem
425 1839 536 1880 militibus
551 1840 672 1892 octingenti
687 1839 715 1879 de
729 1840 796 1892 plebe
810 1841 869 1880 caesi
884 1842 944 1881 sunt.
961 1841 1169 1882 Caesarveteranis

182 1903 230 1930 cam
243 1891 357 1932 seditione
373 1895 499 1935 missionem
515 1894 681 1947 postulantibus
696 1893 769 1942 dedit3
785 1895 807 1933 et
821 1905 871 1934 cum
886 1895 907 1934 in
920 1891 1017 1934 Africam
1031 1895 1166 1946 traiecisset,

181 1945 290 1985 adversus
306 1947 383 1998 copias
398 1949 464 1988 lubae
479 1951 539 2000 regis
553 1960 602 1989 cum
618 1948 745 1989 discrimine
759 1959 836 2000 magno
852 1949 965 2000 pugnavit.

235 1998 311 2039 CXiV.
331 1999 417 2040 Bellum
432 2003 453 2040 in
469 2001 534 2053 Syria
549 2003 660 2043 Caecilius
674 2002 758 2042 Bassus
770 2012 840 2054 eques
854 2003 965 2043 Romanus
980 2002 1167 2054 Pompeianarum

181 2053 277 2104 partium
292 2055 398 2094 excitavit
412 2054 490 2096 scitoto
505 2069 518 2096 a
532 2055 620 2108 legione
636 2057 689 2097 Sex.
700 2057 801 2106 Caesare,
816 2067 872 2109 quae
887 2055 916 2096 111
929 2055 1022 2098 Bassum
1037 2059 1165 2107 transierat,

181 2107 299 2158 occisoque
314 2118 349 2149 eo.
366 2108 448 2149 Caesar
458 2110 584 2163 Scipionem
600 2113 724 2163 praetorem
738 2110 850 2151 Alraoium
865 2110 985 2162 iubamque
999 2111 1053 2151 vicit
1067 2111 1165 2153 1111111-

182 2171 245 2212 psum
260 2162 341 2204 castris
356 2173 431 2204 eorum
445 2165 587 2216 expugnatis.
611 2166 666 2207 Cato
682 2164 757 2205 audita
772 2174 795 2204 re
811 2177 860 2204 curn
874 2174 899 2205 se
916 2166 1064 2216 percussisset
1079 2165 1165 2215 Uticae,

181 2218 203 2254 et
218 2215 382 2257 interveniente
397 2217 442 2257 lilio
458 2221 586 2268 curaretur,
601 2221 658 2260 inter
672 2219 743 2271 ipsam
758 2219 894 2260 curationem
908 2220 1004 2259 rescisso
1018 2218 1112 2259 vulnere
1127 2231 1166 2260 ex-

179 2269 1166 2379 :2⁹‘attosti⁰..²t²tit.titstt.⁸¹t.⁰.sitni.ittti¹¹itt.tarsitii-“tat

180 2379 280 2418 rentibus
299 2381 356 2419 enim
379 2381 534 2430 imperatorem
549 2380 651 2422 hostibus
666 2380 723 2422 dixit
742 2382 878 2434 „imperator
892 2391 917 2422 se
932 2379 1094 2421 1111111111(ι
1110 2382 1165 2422 Fau·

180 2435 229 2470 stus
245 2435 267 2472 et
282 2432 387 2473 Airanius
402 2435 477 2488 occisi.
501 2436 593 2478 Catonis
607 2436 651 2476 filio
667 2437 731 2476 venia
745 2435 803 2477 data.
824 2436 906 2476 Brutus
920 2436 1008 2487 legatus
1023 2435 1126 2477 Caesaris
1141 2437 1164 2476 in

180 2484 253 2525 Gallis
269 2486 401 2526 Bellovacos
416 2487 552 2528 rebellantes
567 2489 651 2540 proelio
666 2491 727 2530 vicit.

233 2537 298 2579 CXV.
314 2540 397 2580 Caesar
410 2543 515 2591 quattuor
529 2541 653 2594 triumphos
668 2542 738 2592 duxit,
754 2554 782 2582 ex
798 2543 878 2592 Gallia,
894 2555 923 2583 ex
936 2545 1046 2596 Aegypto,
1062 2555 1090 2584 ex
1105 2544 1163 2584 Pou-

179 2594 210 2640 to,
227 2604 255 2632 ex
269 2590 352 2636 Africa.
374 2595 463 2645 epulum
480 2598 502 2635 et
517 2597 588 2636 omnis
602 2597 689 2648 generis
708 2597 837 2649 spectacula
852 2597 921 2638 dedit.
941 2598 972 2640 iil.
988 2597 1095 2639 Marcello
1111 2609 1160 2638 con·

178 2645 254 2695 111111,
270 2650 349 2687 senatu
363 2651 467 2700 rogante,
487 2649 583 2691 reditum
596 2652 718 2701 concessit,
740 2661 783 2702 quo
801 2651 906 2692 beneficio
921 2653 969 2693 eius
984 2651 1105 2692 Marcellus
1120 2652 1163 2693 1111

179 2711 222 2740 non
238 2701 322 2753 potuit,
343 2711 356 2740 a
371 2701 411 2742 Cn.
425 2703 499 2754 Magio
513 2704 592 2744 Cilone
607 2704 688 2744 cliente
702 2715 742 2745 suo
759 2703 851 2746 Athenis
865 2707 959 2747 occisus.
978 2715 1093 2748 recensum
1108 2707 1161 2756 egit,

179 2766 223 2806 quo
244 2764 310 2794 censa
327 2759 379 2796 sunt
398 2757 478 2798 civium
498 2759 571 2812 capita
590 2762 678 2800 centum
693 2760 855 2812 quinquaginta
868 2761 937 2802 milia.
958 2760 1072 2811 proiectus
1087 2761 1109 2800 in
1124 2759 1160 2800 lli·

178 2810 277 2860 spaniam
297 2809 406 2851 adversus
426 2811 466 2853 Cn.
482 2812 623 2867 Pompeium,
646 2813 723 2854 multis
737 2815 847 2865 utrimque
862 2815 1042 2867 expeditionibus
1057 2812 1124 2854 iactis
1138 2816 1160 2854 et

178 2865 262 2914 aliquot
284 2865 375 2905 urbibus
396 2869 530 2919 expugnatis
552 2878 658 2908 summam
679 2869 794 2909 victoriam
814 2879 864 2908 cum
885 2879 963 2921 magno
985 2867 1110 2910 discrimine
1131 2867 1159 2908 ad

177 2917 282 2958 Mundam
298 2919 373 2958 urbem
389 2925 520 2961 consecutus
535 2924 577 2966 est.
593 2922 713 2974 Pompeius
727 2922 812 2963 Sextus
828 2923 911 2974 effugit.

232 2969 307 3013 cxvi.
324 2970 408 3013 Caesar
422 2985 449 3013 11
457 2974 563 3026 1111111111
578 2975 678 3026 quintum
693 2975 827 3028 triumphum
842 2977 895 3029 egit.
911 2979 996 3018 etcum
1011 2978 1100 3031 plurimi
1115 2987 1158 3017 1111-

176 3023 278 3075 ximique
293 3023 390 3064 honores
405 3028 425 3066 ei
440 3036 453 3065 a
467 3030 545 3068 senatu
561 3028 646 3069 decreti
662 3033 743 3078 esseni,
760 3031 818 3071 inter
833 3040 890 3082 quos
905 3034 929 3071 ut
943 3035 1006 3084 pater
1021 3030 1107 3084 patriae
1121 3042 1157 3083 ap·

177 3077 298 3128 pelleretur
317 3081 339 3117 et
359 3083 514 3121 sacrosanctus
533 3093 561 3122 11
575 3082 670 3124 dictator
684 3085 706 3126 lo
721 3087 850 3136 perpetuum
866 3089 938 3134 esset,
959 3085 1057 3128 invidiae
1071 3095 1158 3126 eausam

176 3130 285 3172 adversus
300 3142 348 3171 eum
365 3134 507 3184 praestitere,
523 3139 545 3174 et
561 3135 621 3186 qnod
635 3138 723 3178 senatui
738 3136 847 3179 deserenti
861 3137 903 3179 bos
917 3137 1026 3189 bonores,
1043 3150 1092 3180 cum
1107 3141 1157 3178 ante

176 3184 253 3227 aedem
268 3185 361 3226 Veneris
375 3186 499 3229 Genetricis
519 3188 618 3239 sederet,
642 3201 686 3230 nou
704 3190 845 3242 adsurrexit,
865 3196 888 3234 et
908 3194 968 3244 quod
986 3205 1000 3234 1
1016 3194 1047 3234 Μ.
1062 3193 1157 3234 Antonio

177 3241 268 3281 consule
282 3239 368 3292 collega
382 3250 435 3290 suo,
450 3242 508 3282 inter
521 3243 635 3294 Lupercos
650 3248 764 3294 currente,
779 3245 881 3288 diadema
895 3249 962 3300 capiti
977 3257 1018 3288 suo
1031 3248 1157 3299 impositum

177 3295 198 3333 in
217 3295 274 3336 selis
295 3295 394 3346 reposuit
413 3299 435 3336 et
454 3295 514 3348 quod
528 3296 609 3349 Epidio
624 3297 719 3340 Marullo
734 3302 756 3340 et
772 3301 873 3342 Caesetio
888 3301 956 3342 Flavo
976 3303 1071 3343 tribunis
1085 3301 1157 3354 piebis

176 3348 281 3389 iuvidiam
300 3350 319 3388 ei
339 3352 451 3401 tamquam
469 3361 560 3404 regnum
580 3351 701 3394 adfectanti
720 3355 860 3396 moventibus
876 3358 976 3409 potestas
990 3357 1097 3407 abrogata
1113 3358 1154 3398 ert.

176 3411 205 3440 ex
219 3404 246 3442 iis
261 3403 333 3443 causis
348 3404 512 3454 conspiratione
527 3407 548 3445 in
569 3417 618 3447 cnm
634 3407 703 3456 iacta,
723 3410 786 3448 euius
801 3409 874 3461 capita
888 3408 978 3450 luerunt
991 3410 1023 3452 Μ,
1038 3410 1120 3449 Brutus
1134 3411 1156 3448 et

176 3453 201 3493 C.
216 3455 309 3518 Cassius
323 3458 346 3496 et
360 3469 389 3498 ex
404 3456 508 3500 Caesaris
527 3459 627 3510 partibus
641 3459 670 3500 D.
686 3461 768 3502 Brutus
788 3466 810 3502 11
825 3464 850 3504 C.
864 3463 999 3512 Trebonius,
1020 3464 1042 3504 in
1058 3463 1155 3514 Pompeii

174 3517 236 3546 curra
252 3511 337 3550 occisus
353 3514 388 3552 est
403 3512 480 3564 viginti
495 3514 566 3553 tribus
580 3514 722 3563 vulneribus,
744 3522 920 3569 occupatumque
936 3518 963 3557 ab
978 3517 1156 3558 interlectoribus
