2598 3956
210 205 272 270 156
293 283 295 292 .
375 207 490 268 LIBER
504 209 590 268 XLII.
614 207 695 268 Call).
710 215 753 270 32·
766 216 808 270 33.
832 215 868 284 [a.
881 213 915 265 U.
927 230 951 266 c.
962 213 1026 280 581]

210 362 361 424 sacrificia
374 361 497 437 habere,
514 377 593 438 quae
607 363 734 424 absente
749 378 784 422 se
794 370 877 422 reete
889 362 955 422 ficri
967 378 1028 422 non
1039 371 1186 439 possent;

159 485 164 508 .
209 461 288 522 quac
314 463 374 507 uon
395 445 494 521 magis
516 447 643 507 consule
665 462 754 522 quam
781 453 924 521 praetore
949 446 1077 508 absente
1101 455 1186 509 recte

207 531 274 591 lieri
290 535 427 604 possent.
451 529 619 590 sisenatus
632 545 694 590 non
711 529 785 605 quid
802 530 892 590 vellet
905 530 935 590 in
951 531 1113 592 consulatu
1127 547 1183 608 po-

206 613 265 674 tius
289 628 380 690 quam
402 613 476 688 quid
491 611 521 672 in
536 618 680 688 praetura
693 612 839 674 iuraverit
851 611 883 671 P.
898 612 1032 674 Licinius
1048 614 1183 674 animad-

205 697 385 757 vertendum
406 711 478 757 esse
499 703 638 771 censeat,
669 711 705 757 se
725 704 825 758 tamen
848 696 981 758 laturum
1000 697 1031 757 iu
1057 704 1183 759 senatus

205 785 367 856 potestate.
390 780 521 841 consulti
533 785 645 854 patres,
661 779 711 841 cui
723 782 913 842 consulatum
926 783 1059 856 populus
1070 781 1182 842 Roma-

205 881 264 924 nus
279 880 340 924 non
355 871 508 938 negasset,
523 861 561 922 ab
574 877 610 922 se
622 863 810 937 provinciam
821 863 925 938 negari
938 865 1104 940 superbum
1116 865 1181 937 rati,

204 947 305 1008 sortiri
318 949 462 1007 consules
474 947 638 1006 iusserunt.
652 945 684 1005 P.
695 945 812 1007 Licinio
823 946 1013 1022 Macedonia,
1029 946 1060 1007 C.
1074 947 1183 1024 Cassio

203 1031 289 1090 ltalia
309 1029 441 1090 obvenit.
463 1029 601 1104 legiones
622 1029 693 1090 inde
714 1029 813 1092 sortiti
828 1035 914 1091 sunt:
936 1033 1035 1106 prima
1049 1039 1080 1092 et
1093 1031 1182 1092 tertia

203 1114 233 1174 in
244 1113 455 1174 Macedoniam
471 1113 680 1188 traicerentur,
696 1113 832 1174 secunda
845 1119 875 1174 ct
890 1120 998 1191 quarta
1009 1113 1082 1176 utin
1096 1116 1183 1174 ltalia

202 1205 404 1258 remanerent.

287 1279 423 1340 Dilectus
444 1286 506 1341 tum
522 1282 666 1342 consules
680 1280 775 1340 mutto
790 1279 981 1342 intentiorem
998 1295 1089 1357 quam
1104 1281 1180 1342 alias

90 1405 91 1408 κ
204 1379 308 1425 curam
322 1363 484 1424 habebant.
506 1364 641 1426 Licinius
662 1369 783 1424 veteres
799 1379 923 1440 quoque
938 1362 1092 1424 scribebat
1105 1364 1178 1423 mili-

201 1455 249 1508 tes
276 1447 550 1523 centurionesqnm
583 1447 715 1507 etmulti
737 1448 892 1508 voluntate
913 1447 1036 1508 nomina
1057 1446 1179 1521 dabant,

204 1531 276 1610 quia
302 1530 473 1604 locupletes
497 1531 643 1590 videbant
668 1531 723 1605 qui
744 1531 847 1604 priore
872 1529 1073 1592 Macedonico
1097 1529 1204 1591 bello·

202 1619 255 1672 aut
268 1613 419 1672 adversus
435 1612 617 1682 Antiochum
632 1612 662 1672 in
676 1612 753 1674 Asia
773 1613 926 1689 stipendia
941 1612 1086 1674 fecerant
1110 1623 1179 1674 cum

198 1693 314 1756 tribuni
329 1695 453 1756 militum
470 1697 675 1770 centuriones,
691 1703 721 1756 et
737 1697 864 1770 primum
878 1713 1032 1773 quemque
1044 1696 1178 1758 citarent.

200 1785 263 1840 tres
284 1785 315 1839 et
334 1779 440 1854 viginti
463 1778 674 1854 centuriones,
702 1781 753 1855 qui
776 1781 892 1855 primos
915 1780 995 1856 pilos
1018 1781 1176 1852 duxerant,

177 1881 178 1884 ¹
201 1861 282 1922 citati
307 1862 445 1923 tribunos
468 1863 567 1938 plebis
589 1865 789 1938 appellarunt.
823 1865 883 1925 duo
905 1879 945 1924 ex
967 1865 1111 1939 collegio,
1135 1865 1177 1924 ld.

198 1945 325 2005 Fulvius
343 1945 480 2006 Nobilior
500 1953 531 2006 et
549 1945 589 2006 M.
611 1946 754 2007 Claudius
772 1947 950 2021 Marcellus,
973 1949 1012 2008 ed
1033 1949 1178 2008 consules

200 2027 379 2090 reiciebant:
408 2044 515 2089 eorum
536 2030 740 2104 cognitionem
763 2047 835 2092 esse
855 2031 984 2106 debere,
1005 2031 1116 2106 quibus
1131 2031 1174 2090 di·

198 2112 297 2172 lectus
320 2113 494 2187 quibusque
514 2113 627 2175 bellum
648 2115 823 2176 mandatum
838 2123 936 2176 esset:
959 2114 1052 2175 ceteri
1072 2115 1177 2190 cogni-

198 2201 285 2256 turos
307 2210 357 2271 se,
383 2196 422 2256 de
444 2214 506 2274 quo
527 2198 671 2276 appellati
686 2205 799 2271 essent,
820 2198 956 2272 aiebant,
983 2205 1012 2258 et
1026 2197 1053 2259 si
1067 2199 1177 2268 iniuria

198 2279 302 2352 fieret,
327 2277 474 2341 auxilium
498 2279 617 2342 civibus
642 2282 768 2342 laturos.
810 2281 1005 2342 xxx111.ad
1028 2282 1177 2344 subsellia

197 2361 390 2423 tribunorum
403 2379 454 2424 res
470 2365 631 2436 agebatur:
655 2379 692 2423 eo
708 2363 747 2422 Μ.
763 2363 909 2436 Popillius
924 2363 1105 2437 consularis,
1122 2365 1175 2422 ad-

196 2452 341 2515 vocatus,
365 2444 560 2507 centuriones
589 2452 619 2505 et
640 2446 747 2505 consul
768 2453 926 2506 venerunt.
955 2449 1083 2506 consule
1104 2446 1175 2506 inde
1258 2466 1269 2482 .

196 2527 372 2602 postulanti,
388 2527 466 2587 utin
482 2529 623 2588 contione
638 2543 675 2587 ea
685 2543 736 2587 res
748 2533 897 2603 ageretur,
913 2530 1047 2604 populus
1059 2528 1088 2588 in
1102 2545 1173 2590 eon·
1196 2559 1205 2578 ι

197 2609 310 2671 tionem
331 2611 511 2671 advocatus.
541 2627 597 2686 pro
618 2611 848 2673 centurionibus
867 2612 907 2672 Μ.
931 2611 1095 2688 Popillius,
1121 2610 1175 2688 qui

196 2693 317 2754 biennio
334 2701 404 2756 ante
420 2696 527 2756 consul
542 2697 654 2770 luerat,
676 2695 718 2756 ita
731 2695 826 2756 verba
846 2696 927 2757 lecit.
954 2697 1098 2757 militares
1120 2697 1174 2756 ho-

195 2778 294 2838 mines
315 2783 347 2840 et
366 2779 519 2854 stipendia
538 2781 619 2840 iusta
639 2786 669 2839 et
689 2794 821 2856 corpora
834 2788 865 2842 et
879 2788 976 2842 aetate
991 2789 1021 2840 et
1035 2781 1174 2841 adsiduis

197 2860 356 2923 laboribus
372 2864 513 2924 conlecta
527 2863 657 2924 haberes
674 2864 746 2924 nihil
759 2879 904 2925 recusare
914 2871 1025 2937 tamen
1041 2882 1103 2940 quo
1118 2865 1173 2924 mi-

196 2959 255 3003 nus
278 2959 403 3020 operam
425 2947 469 3006 rei
491 2947 633 3023 publicae
649 2947 730 3008 dent.
758 2948 790 3008 id
805 2955 919 3009 tantum
934 2949 1109 3023 deprecari,
1135 2964 1174 3008 ne

196 3025 357 3087 interiores
370 3029 408 3090 iis
423 3031 558 3104 ordines,
574 3046 665 3105 quam
682 3048 760 3106 quos
776 3047 845 3092 cum
859 3031 1173 3093 militassenthabuis·

196 3117 273 3182 sent,
296 3111 538 3173 attribuerentur.
564 3113 597 3173 P.
612 3113 746 3176 Licinius
769 3116 877 3176 consul
892 3122 1017 3178 senatus
1034 3116 1174 3177 consulta

195 3193 314 3253 recitari
329 3193 427 3266 iussit,
444 3195 572 3271 primum
588 3211 649 3272 quo
664 3197 777 3258 bellum
793 3205 918 3260 senatus
933 3197 1049 3260 Perseo
1063 3199 1173 3261 iussis-

195 3283 252 3351 set,
267 3274 379 3337 deinde
394 3294 455 3353 quo
469 3286 589 3340 veteres
605 3285 799 3341 centuriones
815 3299 905 3357 quarn
917 3283 1079 3358 plurimum
1090 3282 1129 3342 ad
1141 3281 1173 3341 id

195 3361 309 3422 bellum
329 3361 421 3423 scribi
442 3363 628 3436 censuisset,
650 3378 707 3424 nec
725 3364 791 3436 ulli,
815 3366 867 3440 qul
888 3381 949 3426 non
971 3367 1068 3426 maior
1082 3363 1171 3424 annis

196 3445 417 3522 quinquaginta
431 3453 523 3522 esset,
545 3445 733 3507 vacationem
748 3447 871 3508 militiae
882 3463 961 3510 esse.
986 3450 1170 3525 deprecatus

1281 3035 1297 3078 d
