2574 3954
300 239 416 303 LIBER
428 240 517 304 xlii.
540 241 624 303 cAP.
637 251 682 306 tl.
694 251 739 305 ts.
762 250 799 319 [a.
810 249 843 307 c.
856 249 916 319 ill]
1035 243 1097 310 167

121 399 324 467 auctoresque
338 399 369 452 et
382 392 431 452 his
448 399 480 454 ct
489 393 656 468 separatim
669 393 798 469 singulis
813 393 936 456 luerunt
954 395 993 458 cd
1007 411 1096 456 reno-

122 476 251 536 vandam
273 475 433 536 amicitiam
450 475 589 544 mittendi
604 477 737 546 'Romam
754 477 883 552 lagatos
912 484 982 540 aute
996 480 1098 544 omnio

120 560 243 620 exsulas
261 557 382 632 restitui
407 559 576 632 iusserunt,
598 567 628 622 et
644 566 789 622 auctores
812 561 917 636 regiae
940 563 1097 625 scammis

120 643 243 704 decreto
257 655 317 703 seo
333 641 521 704 damnarunt
550 641 603 718 ita
614 643 703 718 aaut
717 643 851 712 manime
865 643 1017 718 uolebant,
1034 646 1098 708 dis·

122 741 215 788 casse
250 725 399 787 Boeotico
434 725 564 788 coneilio
591 726 838 802 Peloponnesum
861 729 1099 804 proficiscuntur

121 809 334 873 sermonalis
348 808 522 871 fflrdcidern
533 811 693 873 arcessito.
711 811 803 886 mats
814 810 988 887 praebitum
1001 813 1097 882 estiis

119 891 297 963 conciditur
318 891 371 954 uhi
392 892 470 965 nihil
490 893 575 954 aliud
591 900 714 969 agento
727 894 924 956 Achaeorum
938 895 1097 972 petierunt,

120 991 211 1052 quam
222 983 257 1037 ut
269 975 350 1038 nilla
364 977 473 1039 milites
487 977 604 1050 darunt
628 977 661 1038 id
672 977 857 1052 praesidium
870 980 911 1040 ad
923 979 1097 1042 chuoiuem

115 1059 276 1134 tuendaan
298 1059 370 1120 duna
389 1061 548 1122 Romamn
568 1061 723 1122 eaerulus
738 1061 769 1132 in
782 1061 942 1124 Graecum
955 1063 1097 1126 maluere

118 1151 181 1218 tarr,
191 1143 323 1204 missum
338 1150 395 1204 est.
422 1143 556 1204 lloraius
572 1151 604 1204 et
617 1143 727 1205 Atilius
745 1145 895 1220 peractis,
910 1162 990 1221 quae
1004 1162 1097 1222 apen

115 1227 159 1287 ds
174 1227 204 1287 in
216 1227 349 1287 tirtaeoia
359 1233 463 1300 mant,
483 1227 634 1303 principio
652 1227 763 1288 driemis
782 1229 912 1296 Romam
930 1229 1098 1292 rodmunt
1173 1261 1180 1272 ·

199 1309 292 1382 ΜΝ.
308 1311 384 1371 Indo
394 1311 506 1386 hendo
522 1309 580 1370 sula
594 1311 679 1370 idem
692 1318 815 1386 tempus
826 1310 857 1372 in
869 1313 976 1374 Asiam
988 1329 1027 1374 ae
1039 1313 1098 1374 cir·

120 1410 190 1462 oum
205 1394 324 1464 insulas
339 1393 445 1454 rra'asa.
473 1400 535 1453 tres
557 1401 648 1455 eraut
670 1395 776 1468 legati,
801 1394 845 1454 ui.
871 1395 1016 1458 Claudius
1042 1395 1097 1472 Sp.

117 1478 292 1552 Postumius
305 1477 347 1537 ll.
362 1477 477 1541 lunius.
506 1477 528 1536 ii
542 1477 764 1538 cucumenntes
779 1477 978 1540 donabantur
990 1479 1097 1542 socios

118 1563 159 1622 ad
169 1561 401 1637 suscipiendum
416 1561 568 1621 adversus
588 1559 702 1620 Persea
722 1576 779 1636 pro
798 1560 1096 1632 samasiensium

117 1652 148 1706 et
161 1661 224 1720 quo
251 1660 394 1721 quaeque
423 1644 597 1720 opulentior
621 1643 730 1706 civitas
753 1651 835 1720 erat,
860 1661 898 1708 eo
924 1648 1095 1710 accuratius

118 1728 264 1805 mant,
286 1728 359 1805 quie
378 1729 513 1790 minores
534 1733 696 1796 secuturae
715 1729 868 1790 maiorum
888 1730 1096 1791 auctoritatem

117 1820 214 1874 erent.
254 1812 367 1873 Rhodii
389 1812 515 1873 maximi
540 1812 581 1872 ad
604 1813 706 1872 omnia
729 1813 874 1874 momenti
894 1811 1095 1889 habebantur,

118 1894 267 1972 quianon
283 1897 517 1958 laueretantum
537 1896 595 1956 sed
616 1897 764 1958 adiuvare
784 1897 876 1956 etiam
894 1895 1095 1957 viribussuis

116 1981 229 2040 bellum
244 1986 400 2056 poteraut,
417 1979 619 2055 quodraginta
633 1978 764 2040 narinus
790 1987 915 2041 auctore
937 1980 1096 2054 Hegesilo-

120 2063 177 2124 tlro
192 2064 401 2139 praeparatis,
415 2063 468 2138 qui
483 2077 552 2124 oum
572 2063 602 2123 in
624 2079 744 2124 summo
766 2063 944 2138 magistratu
958 2071 1042 2124 esset
1055 2095 1099 2108 -

118 2147 262 2225 prytanin
273 2147 333 2222 ipsi
344 2153 457 2206 nocant
467 2179 509 2190 -
519 2147 621 2207 multis
634 2146 821 2208 orationibus
834 2149 1005 2222 pervicerat
1014 2147 1097 2208 Rho·

118 2225 205 2306 dios,
218 2238 253 2291 ut
268 2230 395 2302 omissa,
412 2245 615 2306 quamsaepe
634 2245 745 2290 ranam
769 2231 886 2305 experti
904 2237 1027 2304 essent,
1047 2245 1097 2289 ra·

116 2329 190 2389 gum
202 2314 407 2376 fovendorum
419 2329 479 2389 spe
492 2314 662 2374 Ronmnam
676 2313 869 2385 societatem,
883 2329 975 2374 unam
990 2319 1052 2373 turn
1066 2312 1098 2372 in

118 2397 208 2458 terris
222 2400 272 2458 vel
287 2398 404 2459 viribus
414 2400 464 2458 vel
475 2397 537 2458 ilde
550 2396 701 2473 *stabilem
715 2397 890 2458 retinerent.
913 2397 1026 2458 bellum
1042 2396 1097 2456 ina-

116 2481 234 2543 miuere
250 2497 318 2542 curn
331 2481 461 2542 Perseo=
476 2481 706 2543 desideraturos
722 2482 880 2543 Romanos
895 2481 1028 2554 eundern
1043 2496 1097 2540 na·

118 2566 219 2626 talem
235 2571 434 2641 apparatum,
451 2581 542 2639 quem
555 2580 656 2640 nuper
670 2565 830 2640 Antiochi,
850 2581 945 2641 ouem
964 2563 1097 2640 Philippi

116 2656 189 2709 ante
203 2648 284 2710 bello
299 2648 459 2709 vidissent.
487 2648 694 2724 trepidaturos
719 2657 782 2709 tum
807 2655 934 2725 repente
961 2647 1099 2724 paranda

116 2733 238 2808 classe,
254 2747 322 2793 cum
338 2733 484 2794 mittenda
499 2739 597 2805 esset,
620 2731 680 2792 nisi
700 2732 829 2792 reticere
847 2747 957 2806 naves,
979 2731 1038 2792 uisi
1053 2731 1098 2790 iu·

117 2823 241 2878 struere
260 2816 421 2878 navalibus
443 2817 538 2876 sociis
561 2813 747 2892 coepissent,
774 2815 808 2874 id
828 2831 866 2875 eo
887 2814 986 2888 magis
1008 2813 1098 2873 enixe

114 2900 295 2961 faciundum
311 2915 397 2976 esse,
411 2906 445 2960 ut
458 2899 584 2959 crimine
602 2899 703 2960 delata
716 2897 755 2958 ab
769 2898 905 2959 Eumene
919 2897 982 2966 lide
997 2913 1100 2958 rerum

114 2983 302 3046 refellerent
330 2983 380 3044 his
399 2983 513 3045 incitati
527 2982 732 3059 quadraginta
751 2982 875 3043 nauium
896 2981 1029 3042 classem
1053 2980 1098 3042 in·

117 3074 266 3129 structam
282 3076 482 3144 ornatamque
493 3067 605 3142 legatis
626 3066 773 3128 Romanis
792 3064 1044 3141 advenientibus,
1065 3071 1100 3125 ut

116 3167 181 3212 non
198 3159 407 3228 exspectatam
422 3151 664 3212 adhortationem
680 3166 752 3212 csse
768 3156 939 3226 appareret,
955 3149 1100 3211 ostende·

115 3243 199 3296 runt.
231 3243 263 3296 et
273 3236 350 3296 haec
365 3236 475 3311 legatio
490 3251 632 3311 maguum
649 3235 688 3296 ad
699 3234 910 3296 conciliandos
922 3233 1041 3294 culmos
1058 3231 1100 3291 oi-

116 3319 258 3380 vitatium
273 3318 369 3380 Asiae
383 3325 570 3379 momentum
585 3318 650 3379 fuit.
678 3318 831 3380 Decimius
852 3334 932 3379 unus
955 3317 1022 3377 sine
1035 3315 1099 3374 ullo

115 3402 248 3478 ellectu,
263 3409 421 3480 captarum
435 3403 526 3463 etiam
538 3402 735 3478 pecuniarum
745 3401 784 3462 ab
794 3399 917 3477 regibus
928 3398 1101 3475 lllyriorum

116 3486 301 3563 suspicione
315 3487 453 3562 infamis,
466 3487 595 3548 Romam
608 3485 707 3546 rediit.
