2598 3956
184 205 224 271 le
363 207 551 268 imaeue.
576 207 772 270 onumen.
794 209 989 286 [numen]

183 363 309 433 lectum;
332 369 363 424 ct
375 363 418 424 uti
432 368 556 438 praetor
569 362 706 423 urbanus
721 360 900 422 consulibus
915 361 1063 424 scriberet
1078 379 1168 424 sena-

182 457 246 510 tum
266 461 400 524 aequum
420 461 549 508 censere
569 444 733 508 subitarios
753 445 879 519 milites,
905 445 1051 509 turnultus
1073 463 1169 508 eausa

183 531 386 608 conscriptos,
401 531 500 606 primo
515 545 640 608 quoquc
653 535 795 606 tempore
809 528 924 590 dimitti.

266 613 371 677 XXIX.
396 615 522 676 Colonia
548 613 714 675 Graviscae
739 629 776 675 eo
802 629 883 674 anno
910 613 1041 676 deducta
1068 623 1115 676 cst
1135 615 1166 676 in

181 711 289 776 agrum
307 698 487 770 Etruscum,
509 699 550 758 de
562 697 835 774 Tarquiniensibus
856 697 1012 774 quondam
1034 705 1166 774 eaptum.

183 784 278 860 quina
298 783 405 859 ingere
424 783 489 858 agri
509 782 597 852 datae
617 781 765 842 triumviri
783 782 979 844 deduxerunt
992 781 1024 844 c.
1040 782 1167 858 Galpur·

182 869 251 929 nius
266 865 337 928 Piso
353 866 385 927 Ρ.
400 865 546 928 claudius
559 865 691 927 Pulcher
704 866 734 927 0.
747 865 905 928 Terentius
920 866 1007 927 istra.
1028 861 1179 928 siccitate
1282 873 1283 876 ’

182 958 213 1012 at
233 947 338 1027 inopia
356 951 477 1026 frugum
497 948 628 1026 insignis
649 965 750 1012 annus
770 949 835 1012 luit.
868 965 926 1012 sex
939 965 1063 1012 menses
1078 967 1164 1011 num-

181 1051 275 1111 quam
291 1033 430 1110 pluvisse
444 1035 610 1095 memoriae
624 1033 788 1110 proditum.
1144 1063 1149 1072 ,

199 1193 202 1198 Ι
265 1118 383 1179 Eodem
403 1132 486 1179 anno
504 1117 535 1178 in
550 1131 625 1194 egro
639 1118 673 1178 L.
687 1115 794 1179 Petillii
809 1117 929 1178 scribae
944 1117 1002 1179 acb
1017 1119 1164 1192 laniculo,

179 1203 254 1262 dum
269 1199 403 1263 cultores
418 1202 482 1277 agri
498 1201 587 1263 attius
602 1201 767 1263 moliuntur
777 1207 905 1275 terram,
927 1201 1008 1264 duae
1021 1201 1164 1277 lapideae

179 1297 280 1368 areae,
296 1291 426 1346 octonos
438 1287 532 1346 terme
544 1287 641 1361 pedes
655 1287 767 1361 longae
779 1291 945 1361 quaternos
956 1287 1044 1359 latae,
1059 1285 1163 1346 inven-

178 1377 229 1430 tae
245 1378 324 1444 sant,
340 1369 631 1446 operculisplnmbo
644 1367 804 1431 devinctis.
826 1368 932 1430 litteris
943 1369 1057 1430 Latinis
1071 1370 1163 1430 Grae-

180 1453 290 1529 cisque
303 1459 434 1530 udaque
448 1469 520 1514 arca
533 1453 681 1529 inscripta
694 1461 768 1528 enat,
784 1453 816 1512 iu
829 1453 925 1514 altera
937 1452 1063 1514 Numam
1075 1452 1162 1514 Pom·

180 1537 286 1613 pilium
305 1536 472 1612 Pomponis
497 1536 607 1609 lilium,
632 1547 738 1612 regern
761 1538 984 1610 Romanorum,
1009 1538 1162 1612 sepultum

180 1633 267 1694 esse,
289 1620 320 1679 in
342 1621 444 1680 altera
457 1619 553 1682 libros
567 1621 684 1681 Numae
696 1619 836 1696 Pompilii
855 1621 968 1682 inesse
1002 1636 1055 1682 eas
1074 1636 1162 1682 arcas

180 1713 250 1764 cum
270 1717 311 1764 ex
332 1703 499 1764 amicorum
523 1702 677 1766 sententie
700 1705 842 1766 deminus
868 1705 1054 1780 aperuisset,
1083 1721 1162 1781 quae

126 1864 128 1867 Ι
180 1788 296 1850 titulum
318 1786 430 1863 sepulti
451 1785 534 1863 regis
555 1787 717 1859 habuerat,
741 1787 840 1850 inanis
857 1789 994 1863 inventa,
1017 1789 1084 1850 sirie
1098 1792 1161 1852 ullo

178 1871 309 1946 vestigio
324 1870 464 1947 corporis
478 1871 601 1934 humani
615 1878 668 1934 ant
681 1873 771 1934 uilius
786 1873 846 1944 vai,
866 1887 922 1948 per
935 1873 1036 1936 tabem
1049 1880 1094 1934 tot
1108 1890 1161 1934 an-

178 1969 287 2015 norum
305 1954 445 2016 omnibns
460 1955 641 2032 absumptis.
674 1957 704 2016 in
719 1958 815 2020 altera
829 1956 895 2018 duc
906 1958 1007 2020 insece
1023 1957 1161 2018 candelis

178 2035 305 2099 involuti
323 2045 470 2114 septenos
485 2038 621 2102 habuere
635 2039 745 2116 libros,
766 2057 828 2102 non
844 2040 980 2116 integros
995 2042 1087 2102 modo
1102 2041 1158 2101 sed

177 2121 389 2184 recentissima
401 2122 516 2200 speeie.
532 2131 651 2200 septem
658 2124 754 2186 Latini
766 2125 805 2185 de
816 2125 882 2185 iure
894 2125 1051 2200 ponticelo
1063 2131 1160 2196 erant,

178 2211 297 2282 septem
312 2206 420 2267 Graeci
436 2207 477 2268 dc
489 2207 651 2284 disciplina
665 2209 842 2285 sapientiae,
861 2217 941 2284 quae
956 2210 1041 2272 illius
1051 2208 1159 2272 aetatis

177 2303 249 2350 esse
269 2291 377 2366 potuit
409 2289 503 2352 adicit
522 2291 631 2353 Antias
645 2293 789 2354 Valerius
809 2291 1031 2371 Pythagoricos
1052 2293 1158 2365 luisse,

177 2374 319 2448 vulgatae
344 2374 496 2449 opinioni,
527 2391 588 2450 qua
612 2376 746 2438 creditur
769 2375 964 2456 Pythagorae
988 2374 1158 2438 auditorem

175 2449 416 2530 luiseeiiumem
429 2458 589 2521 mendacio
601 2460 751 2536 probabili
763 2461 994 2524 accommodata
1005 2460 1077 2522 lide.
1097 2460 1159 2537 pri-

175 2553 226 2599 mo
239 2540 283 2600 ab
291 2540 412 2615 amieis,
432 2543 485 2617 qui
497 2541 528 2602 in
540 2559 574 2605 re
586 2545 741 2620 praesenti
755 2546 889 2620 inerunt,
910 2545 1071 2615 librilectia
1087 2561 1159 2608 mox

176 2623 317 2698 pluribus
331 2623 503 2700 legentibus
518 2640 587 2688 eum
601 2628 814 2704 vulgarentur,
837 2628 870 2703 0.
885 2628 1019 2691 Petillios
1035 2636 1159 2705 praetor

175 2705 313 2768 urbanas
327 2707 487 2772 studiosus
502 2712 623 2787 legendi
635 2727 691 2774 cos
704 2712 798 2775 libros
811 2712 872 2773 ab
884 2712 998 2775 Petillia
1010 2715 1158 2790 sumpsit:

173 2796 206 2850 et
217 2798 285 2852 erat
300 2791 456 2854 larniliarie
470 2811 557 2870 usus,
573 2798 659 2872 quod
672 2797 806 2858 scribam
819 2803 890 2858 ehu
902 2798 1092 2874 quaesiero.
1104 2798 1158 2860 Pe·

171 2873 305 2935 tilliuain
317 2876 473 2938 decuriam
484 2881 608 2955 legerat.
630 2881 717 2942 lectis
728 2897 830 2943 rerum
841 2882 967 2944 summis
983 2896 1051 2946 eum
1062 2883 1157 2944 anian·

174 2955 359 3021 advertisset
379 2961 529 3040 pleraque
543 2963 812 3028 dissolvendarum
826 2967 1006 3042 religionum
1020 2981 1106 3042 esse,
1122 2967 1155 3028 L.

173 3039 289 3104 Petillia
312 3041 388 3105 dixit
408 3059 479 3107 sese
500 3046 596 3110 libros
612 3063 668 3110 eos
682 3050 714 3108 in
728 3050 829 3126 ignem
844 3051 1052 3114 coniecturum
1067 3068 1156 3122 eese;

173 3123 352 3202 priusquam
367 3127 398 3189 id
414 3130 535 3206 laceret,
551 3147 586 3193 ee
601 3134 629 3193 ai
645 3133 820 3209 permittere
834 3137 886 3211 uti,'
901 3137 929 3196 si
945 3137 1030 3213 quad
1040 3148 1096 3200 seu
1108 3136 1156 3198 ius

173 3221 230 3269 seu
250 3203 396 3272 aemilium
417 3229 454 3274 se
473 3214 588 3277 habere
609 3217 649 3277 ad
664 3231 719 3280 eos
735 3217 831 3281 libres
846 3221 1034 3296 repetendos
1050 3222 1154 3284 existi·

171 3299 283 3370 maret,
304 3297 509 3372 aspernetur:
536 3301 568 3362 id
589 3301 708 3378 integro
729 3319 786 3364 sua
799 3306 896 3380 matta
910 3320 980 3366 curm
995 3307 1155 3368 iacturum.

171 3376 274 3476 scriba
290 3380 426 3441 tribunos
442 3382 539 3457 plebis
554 3383 625 3460 adit,
642 3387 680 3447 ab
695 3387 825 3450 tribunis
837 3389 878 3451 ad
893 3395 1033 3452 senatum
1042 3406 1094 3452 res
1107 3398 1156 3450 est

172 3468 294 3522 reiecta.
317 3470 438 3539 praetor
454 3481 488 3526 se
503 3466 714 3533 iusiurandum
729 3473 803 3534 dare
818 3480 957 3550 pentum
971 3481 1044 3535 esse
1055 3472 1154 3536 aiebat
