2598 3956
327 207 442 268 LIBER
455 207 542 268 XLII.
566 207 647 268 cnP.
662 217 705 272 ab.
720 215 763 274 ni.
776 218 819 273 28.
842 216 879 283 [e.
892 215 924 268 0.
940 215 1000 284 tia]
1086 209 1147 274 151

161 375 231 444 ¹que
246 357 360 428 emula,
384 371 463 434 quoe
478 359 612 432 populus
627 359 783 420 Romanus
798 360 989 437 imperasset,
1009 369 1147 438 praesta·

169 452 263 504 truos.
287 449 316 502 et
330 441 466 502 civitates
481 441 584 502 'socias
596 442 717 504 adisse=
740 447 857 505 ceteras
870 445 945 506 satis
955 437 1044 520 fidas,
1060 448 1146 508 solos

168 525 308 592 Rbodtos
324 523 506 586 fluctuantes
521 532 552 586 et
565 525 697 588 imbutus
708 519 812 589 Persei
828 527 965 590 consitiis
979 529 1147 592 inuenIsse.

168 617 316 670 venerant
326 607 436 670 Rhodii
450 609 541 686 iegati
557 609 598 672 ad
611 611 772 686 purgando
786 625 832 684 ea,
848 625 927 688 quac
938 614 1030 688 vulgo
1041 612 1148 676 iactari

168 691 343 754 decivitate
359 692 512 754 sciebant:
535 690 669 754 ceterum
683 703 822 756 senatum
836 695 873 756 iis
887 695 968 770 duri,
991 710 1059 757 eum
1075 698 1147 759 novi

170 779 314 838 consules
328 777 536 855 magistratum
550 776 692 853 inissent,
710 779 835 855 placuit.

253 857 461 922 xxvtheeni
473 867 651 954 apparatum
664 855 725 924 nori
738 858 939 926 differendum
951 871 1146 926 censuerunt.

168 945 201 1006 C.
216 941 332 1006 Licinio
348 945 481 1024 praetori
494 946 648 1026 negotium
663 947 761 1018 datur,
783 953 817 1007 ut
831 960 871 1007 ex
888 947 1044 1010 veteribus
1061 948 1148 1024 quin·

169 1025 368 1106 queremibus
382 1028 412 1088 in
429 1025 590 1089 novalitius
605 1024 722 1090 Romae
737 1028 906 1101 subductis,
924 1042 1004 1106 quae
1018 1039 1149 1106 possent

168 1114 238 1176 usui
264 1123 350 1187 esse,
375 1111 516 1177 reticeret
536 1119 719 1190 pararetque
740 1127 836 1175 naves
859 1115 1089 1192 quinquaginta.
1119 1115 1147 1176 si

167 1195 242 1274 quid
262 1196 303 1256 ad
324 1207 393 1258 eum
413 1201 571 1260 numerum
591 1199 776 1272 explendum
796 1199 935 1273 deesset,
955 1199 988 1259 0.
1003 1199 1147 1260 Memmio

167 1281 306 1356 collegae
320 1282 350 1341 in
363 1279 495 1340 Stelliam
511 1279 667 1356 scriberet,
683 1289 717 1342 ut
728 1296 785 1346 eas
800 1297 879 1357 quae
893 1279 923 1342 in
936 1281 1039 1346 Sicilia
1050 1297 1146 1343 neves

168 1373 274 1424 esseut
298 1364 438 1424 reticeret
461 1369 554 1439 atque
578 1364 751 1440 expediret,
776 1372 810 1425 ut
831 1365 1025 1427 BrundisIum
1047 1367 1146 1442 primo

167 1463 293 1525 quoque
314 1455 452 1522 tempore
472 1447 546 1509 mitti
566 1455 705 1524 possent.
736 1447 840 1510 socios
862 1449 988 1509 navales
1016 1449 1147 1511 libertini

168 1533 285 1592 ordinis
306 1531 337 1592 in
358 1529 464 1606 viginti
485 1539 522 1593 et·
536 1531 673 1609 quinque
693 1547 789 1593 naves
810 1545 849 1592 ex
865 1533 983 1595 civibus
998 1533 1148 1594 Romanis

167 1617 199 1677 C.
214 1615 349 1680 Licinius
364 1623 488 1692 praetor
502 1615 638 1678 scribere
653 1616 772 1692 iussus,
799 1611 830 1679 In
847 1617 983 1692 quinque
998 1625 1028 1678 et
1041 1618 1145 1692 vIginti

167 1714 274 1776 parem
285 1709 442 1760 numerum
455 1700 508 1761 Cn.
521 1695 653 1762 Sicinius
664 1699 759 1762 sociis
771 1699 948 1776 imperarem
965 1701 1045 1761 idem
1057 1718 1146 1776 prae·

167 1791 214 1846 tor
234 1781 370 1860 peditum
390 1790 460 1844 octo
482 1784 577 1856 milla,
601 1783 841 1862 quadringentos
862 1785 983 1860 equites
998 1785 1036 1845 ab
1051 1785 1147 1847 sociis

167 1867 265 1929 Imtini
282 1867 412 1928 nominis
427 1869 572 1944 exigeret.
594 1869 677 1930 hunc
692 1867 814 1929 militem
831 1867 882 1944 qui
897 1866 1053 1930 Brundisii
1067 1869 1146 1929 ecci-

167 1959 254 2030 peret
269 1960 360 2028 utque
376 1953 404 2012 in
421 1950 633 2013 Macedoniam
648 1953 785 2026 mitteret,
806 1953 843 2013 Α.
858 1953 968 2012 Atilius
985 1945 1146 2028 Serranus,

169 2036 222 2113 qui
242 2037 345 2113 priore
366 2049 447 2096 anno
469 2044 593 2116 praetor
614 2037 725 2110 iuerat,
754 2035 904 2110 deligitur.
937 2037 989 2096 (in.
1013 2036 1148 2098 Sicinius

168 2127 291 2198 praetor
306 2121 383 2197 [qui]
398 2128 431 2181 ut
446 2118 614 2182 exercitum
629 2127 767 2196 paratum
783 2119 823 2179 ed
837 2120 1039 2180 treioIendurn
1054 2120 1144 2182 habe·

166 2210 227 2276 ret,
251 2203 281 2264 C.
296 2201 424 2280 Popillio
440 2205 560 2264 consuli
575 2219 614 2264 ex
628 2203 809 2265 auctoritate
824 2209 951 2263 senatus
966 2203 997 2262 C.
1012 2203 1147 2264 Licinius

168 2295 291 2364 praetor
305 2287 423 2362 scribit,
446 2295 480 2348 ut
500 2293 529 2348 et
545 2285 697 2362 legionem
713 2287 896 2358 secundam,
921 2298 1000 2362 quae
1015 2289 1149 2348 maxime
1168 2351 1172 2356 ,

168 2377 312 2432 veterana
326 2372 355 2430 in
373 2368 536 2454 Liguribus
551 2379 624 2447 erat,
641 2379 671 2432 et
685 2373 789 2434 socios
800 2371 898 2440 Latini
913 2371 1044 2432 nominis
1060 2379 1147 2448 quat-

165 2465 236 2518 tuor
255 2456 337 2516 milia
357 2455 508 2533 peditum,
534 2453 683 2518 ducentos
704 2457 823 2532 equites
848 2454 950 2516 idibus
972 2455 1147 2516 Februariis

165 2539 321 2601 Brundisii
343 2541 455 2600 adessa
476 2539 602 2602 iuberet.
631 2539 689 2600 hac
705 2541 807 2602 classe
822 2541 853 2600 et
865 2539 926 2600 hoc
941 2541 1078 2600 exercitu
1092 2540 1146 2600 Cn.

167 2623 300 2684 Sicinius
316 2620 505 2699 provinciam
518 2616 731 2684 Macedoniam
746 2623 892 2697 oblidere,
906 2623 1008 2685 donec
1022 2637 1147 2685 sucees-

167 2707 354 2781 sorrenIret,
367 2707 482 2782 iussus,
495 2714 659 2782 prorogato
672 2709 702 2767 in
714 2723 826 2768 annum
837 2707 975 2782 imperio.
988 2723 1026 2768 ea
1035 2707 1147 2782 omnia,

169 2805 248 2868 quae
269 2799 394 2852 senatus
410 2791 543 2864 censuit,
569 2791 696 2867 impigre
710 2791 791 2852 iacta
805 2799 886 2852 sunt.
910 2790 1147 2866 duodequadra-

167 2876 249 2952 ginta
262 2875 499 2951 quinqueremes
510 2889 551 2934 ex
562 2875 721 2936 novalibus
734 2874 901 2944 deductam
918 2873 971 2950 qui
982 2873 1149 2935 deduceret

169 2975 223 3022 eas
238 2959 443 3034 Brundisium,
465 2959 498 3019 L.
513 2957 640 3020 Porqus
654 2957 778 3020 Licinus
795 2955 1008 3036 praepositam
1031 2958 1147 3019 duode-

169 3041 227 3102 cim
243 3056 282 3103 ex
305 3042 410 3104 Sicilia
429 3045 553 3105 missae.
574 3043 615 3103 ad
629 3043 812 3105 trumentum
827 3042 920 3104 classi
936 3042 1147 3119 exercituique

169 3125 371 3186 coemendum
392 3127 421 3187 in
443 3127 586 3204 Apuliam
608 3125 839 3202 Calabriamque
859 3133 922 3188 tres
944 3126 1036 3202 legati
1051 3124 1148 3199 missi,

168 3207 241 3270 Sex.
262 3207 390 3284 Digitius
410 3209 443 3270 T.
464 3211 621 3273 Iuventius
643 3209 682 3270 itt.
702 3211 865 3272 caecilius.
888 3209 928 3270 ad
942 3209 1043 3271 omme
1058 3223 1133 3285 prae

169 3301 276 3374 perata
291 3293 343 3354 Cn.
360 3291 491 3355 Sicinius
506 3303 639 3371 praetor,
655 3295 818 3371 paludatus
833 3311 873 3354 ex
887 3295 964 3355 urbe
979 3293 1146 3370 proiectus,

166 3377 363 3440 Brundisium
378 3378 470 3438 venit.

251 3459 385 3522 XXVIII.
401 3461 491 3523 Exitu
502 3478 600 3540 prope
612 3463 682 3523 enni
694 3461 725 3523 (i.
737 3460 885 3538 Popillius
898 3460 1007 3522 consul
1019 3457 1148 3520 Romam
