2592 3964
179 195 221 259 56
415 193 531 254 LIBER
540 192 603 252 XL.
624 191 707 252 CAP.
718 201 747 252 5.
770 198 808 265 [ac
818 195 888 250 Ues.
901 197 963 264 bid]

179 352 301 416 rentum
323 359 404 420 quae
425 343 513 404 dirae
525 341 611 403 brevi
626 340 664 401 ab
690 340 831 403 omnibus
852 341 911 404 diis
932 343 1160 418 exauditae,·ut

180 429 315 491 saeviret
338 429 407 504 ipse
438 427 469 488 in
495 441 583 490 suurn
602 424 798 501 sanguinem,
823 424 1000 488 effecerunt.
1027 425 1161 490 Perseus

181 515 262 576 enirn
277 526 346 574 cum
360 513 392 572 in
406 511 475 574 dies
490 511 590 586 magis
602 515 742 572 cerneret
762 509 900 570 levorem
921 509 1162 586 dignitatemque

180 597 325 659 Demetrii
340 595 441 657 fratris
458 594 543 672 apud
555 593 775 655 multitudinem
795 593 998 657 Macedonum
1019 611 1161 656 crescere

182 689 212 744 et
226 681 352 758 matiam
368 681 452 756 apud
465 680 638 752 Romanos,
653 677 712 738 eibi
727 693 816 754 spem
830 679 942 740 ntrllam
952 679 1039 754 regni
1052 695 1159 756 super·

182 781 254 828 csse
268 765 328 827 nisi
342 765 372 824 in
387 765 505 826 scelere
519 768 603 824 retus
618 763 658 824 ed
672 763 705 826 id
719 777 811 824 unum
832 776 939 822 omnes
960 763 1162 838 cogitationes

180 849 319 912 intendit
352 854 487 910 ceterum
503 861 573 908 eum
586 861 623 907 se
636 862 675 908 ne
690 847 730 907 ad
745 846 778 907 td
795 847 935 924 quidem,
958 847 1041 923 quod
1056 846 1159 908 mulie

179 933 227 995 bri
243 933 397 1010 cogitabat
410 932 529 1005 animo,
552 929 629 994 setis
649 945 706 1006 per
719 945 755 992 se
770 929 902 991 validum
923 932 1076 1004 crederet,
1098 930 1160 992 sin·

181 1019 271 1094 gulos
286 1017 452 1078 amicorum
465 1013 562 1090 putris
575 1020 725 1090 temptare
740 1013 933 1075 sermonibus
944 1015 1101 1091 perplexis
1115 1015 1161 1074 in-

180 1102 264 1164 stitit.
292 1107 323 1161 et
336 1100 435 1177 primo
452 1097 577 1174 quidam
602 1113 642 1158 ex
665 1097 715 1158 his
739 1098 968 1174 aspamantium
994 1099 1055 1160 tete
1075 1099 1160 1174 quie-

183 1201 273 1261 quam
287 1183 495 1261 praebuerunt
515 1182 666 1259 speciem,
689 1182 762 1259 quie
780 1183 850 1258 plus
871 1182 902 1242 in
919 1182 1071 1243 Demetrio
1093 1182 1162 1258 spei

181 1268 352 1346 ponebant=
368 1266 480 1327 deinde
495 1272 654 1327 crescente
674 1265 705 1326 in
731 1266 802 1326 dies
818 1264 949 1342 Philippi
964 1266 1036 1326 edio
1052 1266 1082 1326 in
1097 1268 1158 1328 Ro·

181 1368 305 1426 manos,
322 1350 371 1414 cui
379 1350 511 1412 Perseus
523 1349 712 1428 indulgeret,
724 1349 894 1412 Demetrius
905 1365 1024 1411 suumne
1035 1367 1096 1426 ope
1106 1351 1161 1410 ad-

180 1442 373 1512 versaretur,
390 1434 616 1512 prospicientes
637 1435 739 1497 enimn
760 1434 876 1494 exitum
891 1433 1004 1494 incauti
1018 1451 1038 1494 a
1052 1434 1163 1495 fraude

180 1522 315 1582 trater-na
330 1519 465 1594 iuvenis,
481 1518 689 1580 adiuvandum
709 1517 794 1593 quod
815 1518 947 1580 futurum
967 1523 1032 1578 crat
1044 1513 1161 1578 rati'lo·

182 1605 377 1679 vendamquc
391 1618 480 1679 spem
494 1600 692 1678 potentioris,
713 1601 828 1662 Persae
850 1616 887 1662 se
901 1601 1079 1678 adiungunt.
1112 1617 1161 1662 ee·-

181 1694 248 1749 tera
260 1686 292 1748 in
306 1703 396 1749 suurn
411 1701 554 1763 quaeque
569 1692 691 1762 tempus
705 1685 826 1762 agenda
840 1683 999 1746 differente
1027 1685 1058 1746 in
1073 1701 1161 1762 prae·

181 1771 281 1833 sentis
295 1772 398 1848 placet
412 1769 494 1832 omni
512 1785 573 1846 ope
591 1769 624 1830 in
641 1771 799 1832 Romanos
822 1769 951 1830 accendi
971 1785 1091 1845 regem,
1108 1769 1160 1830 im-

117 1896 118 1900 =
184 1856 317 1932 pellique
332 1854 372 1916 ad
386 1853 517 1916 consilia
530 1854 618 1928 belli,
643 1853 684 1914 ad
706 1867 786 1930 quoe
807 1854 867 1914 iam
888 1869 945 1915 sua
968 1861 1079 1931 sponte
1099 1854 1162 1914 ani·

182 1955 265 2000 mum
279 1939 465 2000 inclinasset.
494 1938 584 2000 simul
608 1945 642 1997 ut
664 1937 837 1999 Demetrius
862 1938 892 1997 in
908 1938 976 1998 dies
991 1938 1165 2014 suspectior

183 2030 282 2096 esset,
298 2039 337 2083 ax
352 2021 524 2098 composito
539 2037 699 2086 sermones
714 2022 754 2081 ad
768 2037 832 2092 rem
843 2023 1050 2084 Romanorum
1063 2022 1163 2082 trahe

183 2105 265 2168 bant.
299 2105 340 2167 ibi
359 2121 428 2166 cum
441 2106 492 2166 alii
513 2121 615 2168 mores
636 2113 666 2166 et
686 2105 822 2168 instituta
842 2121 963 2182 eorum,
980 2106 1030 2166 alii
1044 2123 1096 2167 res
1110 2122 1163 2182 ge-

183 2197 264 2266 stas,
279 2191 330 2251 alii
345 2190 481 2266 speeiem
497 2189 597 2266 ipsius
615 2189 702 2250 irrisis
721 2191 859 2251 nondum
880 2197 1048 2252 exornatae
1063 2206 1166 2266 nequa

182 2274 315 2351 publicis
330 2291 431 2348 noque
446 2275 573 2350 privatis
588 2275 681 2349 locis,
698 2274 748 2334 alii
762 2274 901 2349 singulos
916 2274 1087 2353 principum
1102 2275 1164 2334 eln-

183 2359 304 2434 derent,
320 2359 441 2418 iuvenis
455 2358 595 2419 incautus
610 2365 640 2416 et
654 2373 759 2418 amore
770 2357 902 2418 nominis
912 2357 1043 2420 Romani
1054 2363 1087 2418 et
1099 2373 1164 2416 cer-

181 2442 296 2502 tamine
311 2441 461 2501 adversus
477 2441 600 2502 tratrem
615 2441 717 2502 omnia
731 2443 845 2503 tuendo
866 2450 1043 2518 suspectum
1058 2456 1095 2502 sc
1110 2457 1163 2515 pa·

180 2525 220 2599 tri
235 2531 265 2586 et
280 2530 487 2601 opportunum
509 2524 684 2586 criminibus
706 2526 846 2587 iaciebat.
882 2526 986 2600 itaque
1006 2531 1164 2600 expertem

182 2625 252 2671 eum
268 2607 504 2684 pateremuium
519 2609 665 2670 derebus
686 2609 834 2670 Romanis
856 2610 1051 2672 consiliorum
1070 2607 1163 2667 habe·
1254 2627 1259 2638 ·

181 2692 249 2754 bate
264 2700 346 2755 totus
360 2693 391 2753 in
406 2692 518 2754 Persea
534 2709 646 2755 versus
661 2709 731 2755 cum
751 2709 789 2755 eo
811 2694 1011 2769 cogitationes
1033 2694 1098 2752 eius
1119 2691 1164 2750 rei

183 2777 251 2839 dies
265 2793 302 2837 ec
317 2785 425 2840 noctes
440 2776 583 2853 agitabat.
611 2777 767 2839 radiarant
787 2793 869 2854 quos
890 2778 969 2837 torta
988 2777 1112 2836 miserat
1131 2775 1163 2833 in

177 2862 349 2922 *Bastarnas
362 2862 402 2921 ad
414 2862 602 2922 arcessenda
614 2861 742 2936 auxilia,
757 2861 1011 2936 adduxerantque
1022 2859 1093 2919 inde
1108 2873 1162 2917 no-

181 2944 260 3005 biles
275 2945 402 3006 iuvenes
418 2951 448 3003 ct
461 2944 536 3020 regii
553 2947 705 3019 quosdam
717 2946 855 3020 genade,
876 2959 1007 3020 quorum
1017 2959 1097 3002 nnus
1113 2957 1163 3002 so-

181 3039 283 3088 rerem
304 3042 391 3088 suum
412 3028 442 3087 in
462 3029 685 3091 matrimonium
706 3027 838 3104 Philippi
860 3028 924 3087 filio
946 3026 1164 3104 pollicebatur;

182 3118 385 3188 erexeratque
407 3112 596 3173 consociatio
617 3114 718 3189 gantis
738 3113 805 3172 eius
826 3111 960 3172 animum
978 3110 1071 3186 regis.
1099 3117 1163 3170 tum

180 3195 313 3256 Perseus
333 3195 428 3270 „quid
449 3196 508 3258 ista
528 3203 698 3272 presuntt“
720 3196 825 3271 inquit.
860 3210 1076 3272 „nequequam
1097 3201 1162 3254 tan·

179 3286 244 3341 tum
269 3279 299 3339 in
325 3280 458 3341 externis
483 3281 606 3342 auxiliis
631 3289 678 3342 est
703 3279 849 3358 praesidii
875 3286 1020 3356 quantum
1035 3275 1163 3355 periculi

180 3364 289 3424 fraude
305 3363 484 3425 domestica.
514 3365 701 3440 proditorem
724 3365 796 3426 nolo
819 3364 938 3440 dicere,
954 3369 1036 3424 certe
1050 3377 1162 3438 specu-

181 3448 307 3508 latorem
325 3448 473 3510 hubemus
501 3464 532 3509 m
558 3449 643 3525 sinu,
669 3449 772 3526 ouius,
797 3465 836 3510 ex
859 3465 921 3524 quo
936 3447 1031 3510 obses
1044 3447 1162 3508 Romae
