2598 3956
171 222 215 286 oe
329 217 521 281 nrnrnxn.
545 215 627 276 car.
643 220 797 276 ansam.
819 213 854 270 u.
868 211 1013 288 umen]

172 375 237 437 fixa
256 379 313 434 est
346 371 469 446 „duello
490 383 600 444 magno
618 363 805 438 dirimendo,
824 361 951 439 regibus
966 360 1158 436 subigendis,

173 464 268 535 caput
287 454 461 533 patrandae·
474 451 562 529 pacis
576 451 654 514 haec
669 464 773 526 pugna
786 447 909 510 exeunti
922 447 957 506 L.
971 445 1102 508 Aemilio
1117 445 1160 506 Μ.

173 540 297 604 Aemilii
316 538 379 604 filio
392 533 427 578 **
440 535 580 612 auspicio
601 533 729 610 imperio
751 532 893 594 felicitale
913 531 1072 606 ductuque
1091 529 1160 591 eius

173 626 253 688 iuter
271 623 430 700 Ephesum
452 620 579 683 sarnum
597 616 766 692 Chiumque
791 615 984 692 inspectante
1009 630 1064 676 cos
1090 614 1160 692 ipso

174 706 344 781 Antiocho,
366 706 503 767 exercitu
518 702 615 777 omni,
636 701 774 776 equitatu
788 698 1032 778 elephantisque,
1048 699 1159 760 classis

174 792 258 869 regis
271 789 416 852 Antiochi
436 794 526 850 autea
542 787 589 850 sic
602 787 684 848 victa
697 785 767 846 tusa
780 790 910 847 contusa
923 785 1090 860 fugataque
1104 790 1160 856 cst,

174 878 281 952 ibique
305 890 343 936 eo
364 871 415 933 die
434 887 532 934 naves
552 873 663 946 longae
683 884 754 930 curu
773 867 916 930 omnibus
936 867 1031 930 sociis
1052 873 1162 942 captae

177 959 380 1038 quadraginta
399 957 489 1016 duae
521 971 559 1016 ea
579 970 685 1031 pugna
704 961 840 1030 pugnata
858 967 915 1012 rex
929 950 1100 1014 Antiochus
1113 966 1160 1010 rc·

175 1057 332 1120 unumque
344 1040 377 1079 **
389 1041 456 1102 eius
476 1039 523 1100 rei
542 1054 620 1114 ergo
637 1037 745 1100 aedem
758 1037 889 1099 Laribus
903 1034 1087 1112 permarinis
1103 1051 1160 1096 vu-

175 1127 250 1190 vit“
281 1124 393 1186 eodem
418 1123 564 1200 exemplo
584 1122 688 1184 tabula
708 1122 739 1181 in
761 1123 839 1182 aede
855 1121 939 1183 Iovis
960 1120 991 1180 in
1013 1119 1162 1196 capitolio

178 1225 274 1288 supra
287 1209 395 1270 valvas
412 1207 475 1270 fixa
490 1215 547 1268 est.
1142 1232 1144 1238 ι

257 1292 336 1356 Llli
357 1291 546 1368 Biduoque
562 1297 703 1352 senatum
715 1290 855 1365 legerunt
869 1301 1026 1363 censores,
1041 1286 1077 1361 Q.
1092 1286 1163 1348 Ful·

176 1376 247 1440 rius
268 1377 378 1440 consul
399 1377 556 1452 proiectus
570 1373 603 1438 iu
615 1373 759 1449 Ligures,
782 1371 1164 1449 periuuiosmontcsval·

176 1464 287 1539 lesque
307 1462 405 1524 saltus
427 1475 496 1522 curn
517 1456 655 1520 exercitu
673 1465 903 1533 transgressus,
925 1455 1023 1531 signis
1043 1454 1163 1516 collatis

178 1561 249 1608 cum
262 1545 352 1606 hoste
367 1543 531 1619 pugnano
553 1557 655 1618 neque
669 1547 785 1602 tantum
802 1540 868 1602 acie
882 1540 969 1613 vicit,
990 1539 1047 1600 sed
1062 1545 1165 1602 castra

179 1627 427 1705 quoqueeodem
438 1624 589 1702 diecepit.
612 1625 671 1686 tria
679 1625 762 1686 milia
770 1624 893 1686 ducenti
904 1621 1039 1687 hostium
1050 1623 1162 1684 omnis·

179 1725 241 1789 quc
255 1727 293 1775 ca
305 1710 392 1786 regio
403 1709 549 1786 Ligurum
563 1710 594 1770 in
606 1709 793 1772 deditionem
805 1709 896 1770 veuit.
920 1709 1029 1772 consul
1042 1707 1163 1770 deditos

135 1873 137 1876 Ι
178 1797 208 1857 in
224 1801 415 1872 campestres
436 1809 528 1870 agros
544 1793 685 1868 deduxit,
708 1792 925 1869 praesidiaque
939 1791 1094 1853 montibus
1108 1791 1163 1852 im·

177 1882 292 1958 posuit.
318 1879 457 1940 celeriter
471 1874 506 1918 *¹⁶
521 1883 553 1938 et
567 1893 606 1938 ex
620 1876 782 1954 provincia
796 1877 914 1938 litterae
926 1877 1056 1938 Romam
1070 1889 1163 1938 venc-

176 1970 265 2025 mnu
287 1961 531 2039 supplicationes
553 1962 593 2023 ob
608 1977 662 2022 eas
676 1977 729 2022 res
742 1969 848 2037 gestes
863 1961 894 2022 in
908 1960 1042 2024 triduum
1056 1961 1161 2022 decre·

177 2055 229 2109 tae
249 2052 337 2115 srmt;
367 2052 527 2122 praetores
554 2045 757 2122 quadraginta
781 2044 890 2108 hostiis
915 2045 1085 2106 maioribus
1106 2059 1164 2120 per

177 2129 420 2208 supplicationes
440 2145 506 2190 rem
525 2129 659 2190 divinam
679 2130 826 2190 iecerunt.
859 2129 898 2198 ab
918 2130 1014 2190 altero
1036 2127 1164 2192 consule

176 2215 211 2276 L.
225 2214 339 2276 Manlio
355 2212 429 2274 nihil
441 2214 589 2275 memoria
605 2213 728 2290 dignum
743 2213 774 2274 in
788 2211 951 2289 Liguribus
967 2220 1016 2274 est
1031 2219 1162 2288 gestum.

179 2299 256 2360 Galli
275 2297 481 2374 Transalpini,
501 2297 561 2359 tria
579 2298 662 2358 milia
679 2297 851 2372 homiuum,
876 2297 907 2358 in
927 2295 1042 2358 ltaliam
1063 2306 1162 2358 haus-

177 2381 293 2458 gressi,
315 2382 468 2442 neminem
482 2381 563 2442 bello
578 2382 768 2445 lacessentes
783 2397 889 2458 agrum
904 2397 923 2441 e
937 2381 1117 2443 consulibus
1133 2386 1165 2440 et

179 2473 291 2527 senatu
317 2463 475 2540 petebant,
502 2471 536 2525 ut
555 2463 657 2540 pacati
681 2465 739 2526 sub
760 2465 888 2541 imperio
908 2465 1015 2542 populi
1032 2460 1164 2526 Romani

178 2555 293 2610 esseut
322 2563 377 2609 eos
393 2553 518 2610 senatus
533 2549 685 2612 excedere
698 2549 784 2610 italia
796 2550 895 2625 iussit,
910 2557 941 2612 et
954 2549 1113 2610 cousrrlcm
1127 2548 1163 2623 Q.

176 2630 318 2694 Fulvium
333 2645 482 2708 quaerero
496 2638 527 2693 et
540 2630 782 2695 animadvertere
797 2633 828 2695 in
842 2649 913 2709 cos,
941 2633 993 2709 qui
1007 2632 1164 2710 principes

178 2721 209 2777 et
223 2721 366 2778 auctores
382 2716 619 2778 uauscendendi
633 2717 730 2795 Alpes
746 2717 887 2780 fuissent.

262 2801 341 2864 LIV.
362 2799 479 2863 Eodem
496 2817 577 2864 anno
591 2800 750 2878 Philippus
764 2817 820 2863 rex
833 2801 1053 2876 Macedonum,
1074 2802 1163 2862 senio

178 2890 209 2945 et
222 2901 362 2948 maerore
372 2893 573 2963 consumptus
588 2893 797 2962 postmortem
807 2885 871 2960 lilii,
887 2884 1032 2948 decessit.
1054 2885 1163 2946 Deme

176 2967 275 3028 triade
285 2968 488 3043 hibernabat,
511 2984 581 3032 curn
595 2970 749 3032 desiderio
764 2971 874 3032 auxius
889 2968 957 3042 lilii,
979 2977 1044 3032 turn
1057 2969 1163 3045 paeni·

176 3051 271 3111 tentia
291 3050 478 3114 crudelitatis
499 3053 808 3132 suacvsaevitiacque.
841 3054 1017 3116 stimulabat
1030 3053 1164 3118 culmum

177 3134 303 3196 et'alter
313 3134 404 3231 'libus
425 3135 509 3198 haud
528 3135 621 3198 dubie
635 3145 665 3198 ct
680 3155 737 3222 sua
750 3146 782 3201 et
794 3139 924 3201 aliorum
937 3137 1084 3215 opinione
1096 3151 1162 3208 rex,

178 3233 385 3294 conversique
405 3219 436 3280 iu
456 3235 527 3282 cum
548 3222 682 3284 omnium
698 3223 794 3297 oculi,
815 3230 846 3286 et
859 3223 1003 3286 destituta
1017 3227 1162 3286 senectus

177 3300 246 3364 aliis
263 3304 514 3382 exspectantibus
529 3320 617 3368 suam
628 3315 765 3382 mortem,
781 3306 848 3370 aliis
859 3323 899 3368 nc
909 3304 1163 3382 exspectantibus

178 3388 312 3462 quidem.
335 3401 397 3465 quo
409 3389 508 3464 magis
518 3389 695 3466 angebatur,
708 3399 741 3454 et
749 3405 819 3454 curu
830 3405 869 3455 eo
880 3391 1054 3467 Antigonus
1064 3388 1163 3452 Eche-

152 3557 156 3565 .
177 3474 272 3534 cratis
285 3472 383 3546 iilius,
398 3487 509 3537 nomen
524 3473 624 3552 patrui
637 3475 783 3552 Antigoni
798 3475 917 3552 ferens,
933 3475 984 3552 qui
999 3482 1081 3538 mter
1094 3471 1162 3536 Phi·

195 3711 208 3757 't

210 3768 215 3783 x
