2592 3964
282 205 542 266 uouemus.
566 205 648 264 aar.
663 213 765 268 aem:
786 209 957 284 [troam.
1058 205 1101 268 aa

112 355 274 420 beneficio
291 354 435 426 restituti,
460 354 644 429 legationem
661 354 790 415 Romam
811 355 959 416 adversus
981 362 1102 429 gentem

114 439 318 510 Achaeorum
335 437 377 498 ita
397 437 534 510 deipsis
555 437 693 496 meritam
712 437 938 518 suscepissent,
960 438 1103 512 adeoque

113 522 382 584 intestaoratlone
397 521 446 580 usi
461 528 624 592 essent,.ut
636 521 739 595 patria·
753 521 843 596 pulsi,
859 537 920 580 non
931 520 1061 582 restituti
1071 521 1102 580 in

113 606 387 669 eamtviderentur.
409 603 669 678 clamorundique
681 611 775 678 ortae,
790 605 916 666 referret
928 604 1103 664 nominatim

114 687 228 758 dceiist
252 686 551 762 etcumomniaim,
562 688 778 750 ,nonconsilio
793 693 978 764 gererentur,
995 688 1103 763 capitis

116 771 260 834 damuati
276 778 356 832 suut
383 786 502 846 paucos
522 779 595 846 pest
615 770 681 830 dies
695 771 826 831 Romani
837 771 929 844 legati
943 779 1101 832 venerunt
1197 804 1200 808 ·
1272 759 1273 764 ’

115 853 336 918 hisClitorein
346 851 833 914 Arcadiadatumcsteoncilium.
854 847 1103 928 XXXVI.'p1·ius·

115 944 369 1014 quamagerent
380 935 557 1012 quicquam,
569 943 676 996 ‚terror
689 937 822 998 Achaeis
845 934 974 998 iniectus
996 945 1060 998 erat
1074 945 1104 998 et

116 1021 282 1096 cogitatio,
307 1036 398 1096 quam
419 1036 485 1080 non
502 1035 548 1080 ex¹
563 1019 866 1096 aequodisceptatio
889 1021 989 1082 lutura
1002 1029 1102 1096 esset,

117 1105 210 1181 quod
217 1106 334 1164 Areum
354 1101 596 1166 etAlcibiadem.
608 1103 719 1186 capitis
737 1103 775 1163 ab
791 1120 826 1164 se
840 1105 871 1164 in
888 1105 1016 1164 concilio
1031 1121 1102 1180 pro·

116 1187 204 1248 ximo
217 1187 392 1248 *damnatos
408 1201 477 1247 cum
496 1187 605 1262 legalis
624 1185 784 1258 videbant;
806 1203 864 1247 nec
884 1187 1005 1248 hiscere
1020 1189 1102 1263 quis-

119 1287 215 1348 quam
225 1271 375 1334 audebat⁸⁴
385 1268 510 1346 Appius
519 1285 558 1330 ea
569 1285 648 1346 quae
659 1272 746 1354 apud
754 1277 893 1332 senatum
905 1271 1006 1348 questi
1017 1280 1104 1333 erant

117 1353 357 1416 Lacedaemonii
367 1353 536 1429 displicere
546 1353 668 1414 senatui
680 1353 820 1428 ostendit,
837 1354 962 1414 caedem
973 1354 1103 1430 primum

118 1439 162 1498 ad
173 1437 367 1512 Compasium
383 1438 623 1510 iactameorum,
639 1437 690 1510 qui
704 1431 968 1512 aPhilopoemene
979 1433 1102 1498 ad'cau·

120 1537 192 1583 sam.
204 1519 366 1582 dicendam
380 1521 501 1582 evocati
514 1520 686 1590 venissem
710 1520 821 1580 deinde
836 1535 905 1581 eum
918 1521 948 1580 in
962 1519 1102 1582 homines

119 1606 162 1666 ita
171 1604 500 1675 ‚saevitum.esset,.ne
512 1603 546 1663 in
560 1604 622 1663 ulla
634 1611 722 1679 parte
737 1603 900 1666 erudelitas
914 1620 1019 1672 eorum
1035 1620 1102 1665 ces-

117 1695 218 1761 saret,
238 1703 348 1748 mures.
357 1687 475 1748 dirutos
489 1687 576 1748 urbis
586 1684 798 1748 nobilissimae
812 1702 899 1762 esse,
914 1687 1000 1762 leges
1018 1695 1101 1748 vetu-

119 1771 470 1846 stissimasabrogatas,
492 1771 698 1846 inclutamque
719 1776 894 1845 pergentes
910 1765 1102 1844 disciplinam

119 1853 254 1932 Lycurgi
271 1855 438 1917 sublatam,
461 1853 539 1914 hacc
558 1869 627 1914 cum
639 1853 762 1928 Appius
778 1849 922 1928 diriisset,
942 1855 1100 1932 Lycortas,

118 1946 153 2000 et
164 1937 385 2014 quaprapter
406 1931 947 2014 etquiaPhilopoemenis‚auctoris
968 1937 1102 1997 omnium

119 2021 446 2096 quaehaccduemone
455 2022 663 2094 actaluenant,
677 2019 819 2082 factionis
831 2028 905 2095 erat,
918 2021 961 2080 ita
971 2035 1101 2098 respon-

119 2105 173 2166 dit
205 2103 380 2178 „difficilior
400 2103 506 2176 nobis,
523 2106 585 2178 Ap.
609 2103 730 2178 Claudi,
752 2103 837 2178 apud
850 2101 914 2164 'vos
936 2106 1031 2166 oratio
1055 2111 1102 2165 est

120 2203 213 2262 quem
225 2188 343 2249 Romae
363 2203 462 2264 nuper
481 2188 566 2262 apud
580 2193 720 2248 senatum
733 2186 797 2246 luit.
825 2195 897 2246 tunc
912 2187 992 2246 enirn
1006 2183 1100 2246 Lace-

119 2271 517 2334 daemonilsaeeusautibus
528 2269 778 2345 respondendum
789 2277 868 2330 erat:
890 2270 1101 2331 nuncavobis

118 2354 583 2431 ipsisaccusatitsumusapud
592 2369 671 2430 quos
685 2368 779 2415 eausa
790 2351 921 2414 dicenda
932 2358 987 2414 est.
1001 2370 1101 2429 quarn

117 2439 307 2512 iniquitatem
327 2437 519 2500 condicionis.
529 2434 671 2498 subimus
685 2437 737 2498 illa
750 2453 816 2512 spe,
831 2436 942 2504 iudicis
956 2437 1056 2498 animo
1072 2444 1102 2497 te

117 2521 291 2601 auditurum
306 2537 386 2596 esse,
402 2521 504 2596 posita
519 2522 713 2581 contentione
728 2537 790 2596 qua
805 2522 896 2595 paulo
913 2529 982 2580 ante
1000 2518 1098 2596 egisti.

117 2621 177 2680 ego
188 2611 289 2678 certe,
306 2619 524 2680 cumeaquae
538 2609 570 2662 et
580 2603 630 2663 hic
644 2604 830 2679 antea-apud
846 2603 1056 2678 Quaesitum
1071 2611 1102 2663 et

117 2689 360 2763 posteaRomae
376 2687 476 2764 questi
490 2692 565 2746 sunt.
575 2687 824 2759 Lacedaemonii,
846 2694 908 2747 ate
924 2688 1016 2761 paulo
1032 2695 1100 2748 ante

116 2773 213 2832 relatu
231 2772 307 2844 sint,
328 2787 394 2832 non
411 2770 463 2832 tibi
479 2768 611 2830 sediliis
623 2785 672 2830 me
686 2771 767 2845 apud
784 2779 814 2853 te
827 2770 1019 2844 respondere
1034 2787 1098 2830 ere·

118 2855 198 2916 dam.
213 2855 353 2914 ,caedem
374 2853 494 2915 obicitis
514 2868 635 2923 eorum,
660 2853 712 2930 qui
727 2869 745 2913 a
758 2849 995 2928 Philopoemene
1010 2869 1099 2929 prae-

117 2947 185 2999 tore
196 2937 317 2998 euocati
331 2938 371 2998 ad
386 2935 686 2998 causamdicendam
700 2937 849 2998 interlecti
864 2944 942 3000 sunt.
965 2935 1025 2996 hoc
1040 2953 1098 3012 ego

117 3019 232 3082 crimen
247 3037 309 3082 non
323 3022 416 3082 modo
430 3019 568 3092 avonis,
585 3019 722 3094 Romani,
738 3021 795 3080 sed
809 3036 848 3080 ne
863 3021 946 3096 apud
960 3036 1018 3082 vos
1034 3021 1099 3096 qui-

118 3105 188 3164 dem
209 3103 298 3164 nubis
317 3102 510 3166 obiciendum
524 3101 622 3164 luisse
636 3101 776 3164 arbitror.
808 3103 882 3179 quid
898 3103 960 3163 ital
972 3105 1054 3180 'quia
1068 3105 1098 3163 in

116 3195 221 3248 vestro
238 3188 368 3248 loedere
379 3194 471 3262 erat„
483 3194 521 3248 ut
529 3186 686 3248 maritimis
700 3181 828 3248 urbibus
842 3187 1028 3248 abstinerent
1041 3187 1098 3246 La-

118 3271 325 3332 cedaemonii..
349 3287 411 3345 quo
432 3277 571 3346 tempore
590 3269 683 3330 armis
705 3271 802 3346 captis
823 3270 932 3346 urbes,
953 3269 1097 3344 aquibus

117 3354 268 3416 abstinete
287 3353 365 3414 iussi
386 3362 491 3428 erantp
508 3361 655 3416 nocturno
676 3354 790 3430 impetu
804 3359 1047 3430 occupaverunt,
1071 3350 1101 3411 si

116 3439 148 3499 T.
164 3437 340 3511 Quinctius,
353 3438 379 3524 si
394 3437 547 3498 exercitus
562 3438 734 3514 Romanus,
754 3439 834 3499 sicut
848 3444 952 3512 antea,
966 3433 997 3494 in
1011 3433 1102 3494 Pelo-

157 3537 184 3579 τ.
206 3537 268 3580 ttvi
289 3536 366 3580 enus
387 3523 427 3580 V.
874 3527 892 3580 3
