2570 3952
516 257 725 309 FRAGMENTA.
1069 279 1110 320 xv

130 429 196 478 qnos
207 414 344 464 centesimo
358 428 460 476 quoque
474 426 540 461 anuo
550 439 584 448 -
594 412 616 460 is
627 413 694 462 enim
704 414 825 462 terminus
835 415 930 463 saeculi
939 439 972 450 ·-
984 414 1037 464 lteri
1049 431 1112 464 mos.

133 484 263 534 Censorini.
284 483 315 532 de
329 484 378 532 Ille
393 481 453 530 Nat.
470 495 527 543 cap.
549 478 590 532 17.
619 481 659 546 Os.
671 481 822 532 Freinshem.
839 482 963 545 Supplem.
979 498 1034 545 cap.
1051 482 1093 546 46,

184 605 218 654 57)
237 599 282 646 Vir
301 597 395 663 ingenii
415 601 501 663 magui
516 602 606 664 magis,
626 613 700 662 quam
713 601 782 652 boni.
809 599 907 649 Seneca
920 601 951 650 lle
964 600 1019 659 Ira,
1036 600 1057 663 I,
1071 595 1111 650 16.

183 671 219 724 58)
237 666 360 717 Profiteor
378 667 464 716 mirari
479 683 519 718 rue
535 668 562 719 T.
585 669 699 731 Livium,
724 678 849 718 auctorem
867 670 1068 728 celeberrimum,
1087 670 1112 716 iu

132 737 297 786 Historiarum
320 750 440 794 suarum,
463 752 526 798 quas
545 739 633 801 repetit
650 739 681 786 ab
700 739 798 803 origine
815 739 894 796 urbis,
913 739 1021 799 quodam
1040 737 1112 786 volu·

133 807 199 854 mine
218 807 255 854 sic
278 819 411 854 exorsum:
443 804 510 854 Satis
527 807 576 854 iam
595 806 644 874 sibi
661 807 758 872 gloriae
776 807 931 869 quaesitum,
959 814 982 855 et
999 808 1114 872 potuisse

133 890 160 923 se
176 875 300 932 desinere,
320 877 346 922 ni
365 874 464 922 animas
482 875 580 937 inquies
598 885 744 939 pasceretur
762 890 846 940 opere.
875 876 971 926 Plinius
988 878 1012 924 in
1033 876 1113 923 Prae-

131 945 179 1008 [ιιι.
199 942 240 991 tib.
260 942 285 991 I.
305 943 373 992 Hiar.
393 943 452 992 liat.

183 1018 216 1068 5⁰)
232 1010 260 1059 T.
274 1012 361 1061 livius
380 1027 409 1060 ae
423 1011 507 1076 Nepos
521 1010 584 1060 Corn
586 1013 651 1062 elias
670 1013 724 1062 latit
725 1013 810 1063 odinis
825 1012 898 1077 (ireti
917 1011 1047 1075 Gaditani)
1064 1020 1114 1060 tra-

132 1081 264 1138 diderunt,
285 1081 327 1129 ubi
348 1083 440 1197 minus,
459 1090 556 1163 septem
572 1082 650 1130 millia
667 1098 805 1149 passuum:
829 1083 873 1132 ubi
891 1097 951 1131 vcro
968 1082 1109 1146 plurimum,

133 1151 219 1198 decem
238 1117 381 1198 milliaP
356 1151 455 1198 Plinius
473 1153 498 1198 in
516 1151 634 1214 Praefert.
654 1151 695 1201 lib.
715 1150 771 1203 III.
790 1153 861 1200 Hiat.
883 1152 944 1205 Nat.

184 1223 218 1272 nn)
237 1216 373 1281 Conrpletis
390 1219 545 1268 consulibus.
573 1219 645 1268 Seru.
665 1221 702 1269 ad
724 1221 927 1299 Vlrpii.l1'ecrp
947 1218 1002 1278 III,
1025 1220 1048 1271 1.

182 1292 216 1340 nt)
236 1287 320 1335 Verba
338 1295 411 1344 strat,
434 1292 462 1333 nt
480 1286 629 1336 babemus
624 1303 650 1336 ιιι
669 1290 754 1347 Livio,
779 1291 938 1352 imperatoris
957 1289 1113 1351 transiugam

133 1355 278 1480 pelcippptis
295 1354 424 1403 infidam:
445 1354 562 1418 Quisquis
578 1359 790 1416 acccelerare
804 1358 875 1405 Sera.
889 1358 925 1405 ari
941 1358 1031 1420 Virpil.
1046 1356 1111 1405 Aen

183 1496 217 1550 nn)
236 1493 415 1555 Imperatorem
441 1506 482 1540 me
500 1500 579 1541 mater
603 1507 675 1556 mea,
700 1507 750 1542 non
769 1493 912 1542 bellatorem
932 1493 1038 1557 peperit.
1057 1493 1115 1542 IIac

132 1557 257 1624 Scipionis
275 1561 363 1610 dietam
381 1577 416 1610 ecc
433 1561 505 1611 Livia
525 1563 621 1625 afferre
637 1563 735 1612 oidelae
751 1563 891 1620 lircilielmus
908 1561 1114 1611 Malnaecbnrien-

132 1631 168 1678 sis
184 1630 246 1679 Iler·
267 1632 345 1694 Anpl.
364 1631 406 1679 lib.
427 1630 466 1678 II.
484 1646 510 1693 p.
534 1629 591 1684 162.

184 1703 218 1754 tii)
239 1699 285 1748 Dic
303 1699 374 1762 mihi,
394 1715 471 1762 quum
490 1714 688 1766 saepenumero
708 1701 733 1748 in
745 1700 866 1750 Romanis
880 1699 992 1749 historiis
1007 1701 1113 1766 legatur,

134 1767 205 1816 Livio
230 1781 346 1827 auctore,
371 1769 521 1832 saepissime
539 1771 564 1818 iu
581 1770 629 1818 hac
653 1769 716 1818 urbe
740 1779 827 1818 exorta
852 1769 995 1834 pestilentia
1016 1770 1113 1818 infinita

132 1835 264 1885 hominum
290 1805 371 1886 miliia
395 1839 551 1902 deperiisse,
574 1847 649 1900 atquc
673 1853 702 1886 eo
720 1835 863 1899 frequenter
885 1845 1002 1897 ventum,
1028 1847 1054 1885 ut
1071 1840 1114 1886 vix

134 1912 216 1961 esset,
240 1906 308 1955 unde
330 1906 380 1955 illis
404 1907 531 1956 bellicosis
555 1905 711 1972 temporibus
730 1907 853 1955 exercitus
872 1905 996 1971 potuisset
1013 1907 1113 1964 ascribi,

134 1973 176 2021 illo
195 1981 308 2054 tempore
333 1976 380 2024 deo
401 1969 444 2025 tuo
464 1976 598 2026 Februario
618 1975 720 2024 minime
738 1974 873 2025 litabatur?
899 1991 931 2024 au
947 1976 1021 2024 etiam
1033 1976 1115 2025 cultus

136 2040 177 2090 bic
194 2044 295 2091 omnino
320 2043 382 2093 nihil
406 2045 545 2108 proderat?
571 2045 614 2094 illo
632 2053 746 2109 tempore
764 2045 913 2110 Lupercalia
936 2059 985 2094 non
1005 2045 1113 2094 celebra

135 2111 242 2159 bantur?
263 2125 310 2160 nec
327 2113 392 2161 euim
412 2114 524 2163 dicturus
542 2129 583 2176 es,
602 2113 666 2162 lraec
681 2129 753 2163 saera
772 2115 855 2164 adlruc
872 2113 916 2162 illo
933 2124 1046 2177 tempore
1064 2128 1113 2161 nou

134 2179 259 2243 coepisse,
267 2195 331 2242 quae
343 2189 400 2229 ante
407 2183 543 2231 Romulum
553 2184 585 2231 ab
593 2181 709 2231 Euandro
719 2184 745 2231 in
752 2183 847 2230 Italiam
860 2181 1023 2246 perhibentur
1033 2181 1112 2230 illata.

135 2249 285 2312 Lupercalia
307 2259 391 2299 autem
415 2260 518 2315 propter
535 2252 596 2314 quid
612 2252 725 2300 instituta
742 2253 807 2314 siut,
831 2255 965 2314 (quantum
984 2251 1016 2298 ad
1033 2251 1114 2314 ipsius

134 2319 321 2382 superstitionis
345 2328 486 2369 commenta
506 2317 662 2384 respectant)
682 2319 770 2368 Livius
790 2320 902 2368 secanda
918 2319 1014 2366 decade
1033 2318 1114 2381 loqui-

135 2397 189 2435 tur:
216 2403 263 2438 nec
286 2397 388 2454 propter
416 2390 514 2439 morbos
539 2389 689 2439 inhibendos
712 2389 827 2438 instituta
852 2398 1044 2451 commemorat,
1069 2387 1115 2436 sed

134 2464 236 2522 propter
254 2457 413 2507 sterilitatem
431 2458 580 2523 mulierum,
605 2475 670 2520 quae
687 2467 748 2508 tunc
766 2458 905 2521 acciderat,
924 2424 1114 2508 exsolveridnm.

134 2525 180 2573 Ecc
206 2528 302 2578 Gelasii
317 2528 408 2590 Papae
425 2528 508 2590 Epist.
528 2529 650 2578 aduersus
671 2528 903 2578 Andranacltnm'
893 2543 918 2576 ιιι
936 2527 1045 2576 Baronii
1061 2527 1114 2575 Λιι-

134 2597 185 2647 nal.
203 2601 291 2647 eccles.
311 2599 346 2647 aa
363 2613 388 2646 a.
407 2594 469 2650 496.
490 2613 553 2646 anm.
572 2595 617 2650 35.

186 2669 221 2716 lit)
241 2664 384 2715 Secundum
400 2666 502 2715 Litium
520 2666 597 2731 legati
616 2667 687 2730 pacis
704 2666 880 2716 caduceatores
897 2667 1022 2714 dicuntur.
1042 2663 1115 2718 Sero.

135 2733 170 2781 cd
192 2735 223 2782 Ιι
215 2736 281 2798 irpil.
300 2735 364 2784 Aen
385 2734 437 2798 IV,
456 2735 516 2785 iil.

186 2806 221 2860 65)
241 2803 328 2852 Livius
348 2771 480 2867 argenium
498 2802 661 2868 gravedicit,
679 2803 768 2860 idest,
790 2815 896 2850 massas.
917 2800 987 2850 Sera
1004 2801 1040 2848 ad
1057 2803 1115 2850 Vir·

133 2872 176 2935 pil.
196 2873 260 2921 Aen.
286 2871 334 2931 VI,
352 2869 413 2923 862.
442 2873 482 2937 Of.
503 2870 597 2922 Iaidor.
618 2869 697 2928 XVI,
718 2867 758 2922 17

185 2945 222 3001 ab)
239 2943 266 2990 ln
285 2941 334 2990 hoc
351 2956 450 2990 summo
470 2940 656 3006 (promontorio
678 2937 795 3004 Circaeo)
823 2938 943 3004 oppidum
962 2937 1023 3002 luit,
1048 2937 1116 3001 quod

136 3019 160 3056 et
178 3009 307 3060 circaeam
327 3011 421 3060 dictum
441 3020 465 3060 et
484 3009 588 3060 Circaei.
618 3007 682 3058 Nam
697 3017 831 3071 utrumque
843 3007 932 3057 Livius
951 3007 1115 3060 dixtraSeru.

136 3077 171 3124 ad
192 3081 281 3143 Virptt.
301 3079 365 3132 Aea.
391 3079 454 3138 VH,
473 3080 515 3133 10.

187 3151 222 3199 aa>
241 3149 358 3212 impubes
372 3149 494 3213 libripens
509 3166 564 3200 esse
581 3163 631 3198 non
639 3157 732 3212 potest,
748 3162 829 3208 acquic
839 3150 968 3196 antestari.
992 3148 1115 3196 Priscian.

136 3213 177 3263 lib.
203 3215 276 3264 VIII
294 3215 398 3266 θιάιιιιιι.
418 3232 446 3280 p.
465 3216 516 3268 lan
536 3219 575 3269 ed.
595 3217 696 3266 Pateelt.
722 3219 778 3267 Vol.
798 3215 821 3274 I,
838 3230 866 3278 p,
887 3214 946 3268 369.
966 3217 1006 3266 ed.
1027 3215 1116 3263 Krelrl.

188 3288 223 3343 lta)
242 3283 342 3334 Scimus
362 3300 508 3336 concessum
526 3301 582 3336 esse
598 3287 776 3345 scribentibus,
796 3293 823 3334 ut
842 3285 975 3334 iteratione
991 3283 1116 3347 prooemii

138 3353 277 3418 legentium
295 3353 409 3404 reficiant
427 3355 553 3405 interdum
570 3355 690 3408 laborem.
709 3369 767 3403 nam
782 3354 904 3404 etLivius
921 3354 1064 3415 frequenter
1079 3353 1117 3399 in-

138 3430 213 3472 novat
233 3423 368 3488 principia,
386 3431 414 3472 ut
434 3424 536 3474 incensa
553 3439 568 3473 ιι
584 3423 663 3474 Gallis
683 3424 754 3483 urbe,
772 3431 796 3472 et
810 3421 943 3486 completis
959 3419 1116 3470 consulibus.

136 3490 209 3541 Serv.
229 3492 265 3542 ad
285 3491 359 3557 Virp.
379 3493 470 3558 θωνα.
491 3495 524 3544 ia.
