2592 3964
211 188 252 252 16
352 185 467 248 LIBER
477 185 609 247 XXXIX.
631 183 714 244 CAP.
727 191 769 249 tr.
783 192 824 246 le.
848 190 885 258 [a.
898 189 932 242 U.
945 209 970 248 0.
980 191 1044 258 566]

208 341 369 400 multorum
391 338 515 400 nomine
535 336 644 402 delata.
676 335 801 410 quidam
816 349 855 396 ex
870 334 907 395 iis
922 335 978 394 viri
994 335 1185 411 lemInaequn

208 431 335 489 mortem
348 421 408 501 ,(41)1
423 419 646 485 consciverunt.
667 419 847 484 coniurasse
862 433 957 494 supra
972 425 1090 494 septem
1106 419 1188 480 milia

207 509 342 574 virorum
363 521 399 566 ae
418 505 578 572 mulierum
599 501 785 565 dicebantur.
811 501 913 578 capita
932 511 1031 562 autern
1047 502 1188 562 coniura-

208 591 299 656 tionis
321 589 481 652 constabat
503 601 575 649 esse
590 585 632 648 Μ.
648 593 678 652 01
693 586 724 648 c.
739 583 859 651 Atinios
883 585 922 644 de
943 585 1033 662 plebe
1048 585 1183 654 Romana

207 682 239 736 et
257 673 410 736 Faliscum
429 671 463 734 L.
480 669 668 748 Opiternium
687 676 717 728 et
735 668 862 736 Minium
877 667 1043 734 Cerrinium
1058 668 1184 742 Campa-

208 775 295 820 num:
318 757 356 820 ab
370 753 419 816 his
436 753 537 819 omnia
551 752 687 814 facinora
702 759 732 813 et
746 751 864 827 llagitia
875 758 950 823 orta,
966 766 1021 810 eos
1036 752 1185 813 maximos

207 841 386 904 sacerdotes
402 837 639 912 conditoresque
654 836 719 895 eius
733 836 812 898 sacri
828 850 910 896 esse.
933 835 1004 894 data
1020 844 1183 910 operaest,

207 932 241 990 ut
263 924 360 998 primo
383 935 508 998 quoque
529 927 666 994 tempore
687 917 1026 995 comprehenderentur.
1063 917 1185 978 adducti

208 1007 248 1068 ad
263 1005 408 1074 consules
417 1004 556 1078 lassique
567 1002 606 1062 de
617 1018 652 1064 se
663 1003 775 1078 nullam
787 1018 903 1067 moram
915 1000 1027 1062 iudIoIo
1040 1001 1185 1062 lecerunt

207 1089 314 1151 XVIII.
345 1095 478 1150 ceterum
503 1093 586 1172 tanta
606 1086 679 1160 Iuga
700 1102 740 1148 ex
759 1085 834 1148 urbe
855 1087 935 1146 lacta
956 1090 1034 1158 erat,
1061 1091 1095 1144 ut
1116 1085 1187 1159 quia

207 1173 309 1237 nrulds
331 1172 468 1235 aetIones
491 1179 585 1230 atres
605 1167 759 1244 peribant,
782 1175 964 1246 cogerentur
980 1174 1139 1240 praetores
1152 1168 1185 1226 T.

207 1255 347 1320 Maenius
369 1261 399 1315 et
410 1254 451 1316 Μ.
468 1253 601 1315 Licinius
623 1267 678 1327 per
698 1259 837 1314 senatum
858 1267 908 1312 res
930 1251 960 1312 in
976 1250 1055 1309 dIem
1071 1249 1184 1311 tricesi-

208 1354 291 1402 mum
317 1336 455 1412 differre,
480 1337 581 1400 donec
602 1335 798 1412 quaestiones
820 1350 839 1394 a
859 1333 1036 1396 consulibus
1059 1333 1185 1410 perlice-

208 1428 322 1498 rentur.
356 1421 464 1486 eadem
480 1419 628 1491 solitudo,
646 1418 724 1497 Ι0010
739 1419 855 1479 Romae
869 1435 930 1479 non
946 1417 1185 1492 respondebant,

208 1519 266 1566 nec
291 1503 523 1568 inveniebantur
550 1517 678 1576 quorum
699 1503 821 1566 nomina
843 1502 942 1562 delata
963 1507 1062 1571 erant,
1087 1500 1188 1575 coegit

208 1587 354 1652 consules
375 1586 543 1649 circatore
564 1585 717 1659 proticisci
737 1585 840 1658 ibique
864 1598 1011 1664 quaerere
1032 1583 1187 1644 etiudicia

208 1684 363 1733 exercere.
393 1665 446 1744 qui
466 1674 582 1729 tantum
601 1666 708 1728 initiati
723 1673 823 1738 erant,
849 1677 879 1728 et
894 1684 932 1727 ex
947 1667 1081 1726 carmine
1096 1680 1185 1727 sacro

208 1758 375 1828 praeeunte
391 1751 484 1810 verba
495 1751 656 1812 sacerdote
667 1750 861 1826 precatIones
873 1752 1017 1822 fecerant,
1031 1749 1061 1810 in
1075 1749 1186 1824 quibus

210 1835 343 1897 nefanda
364 1833 531 1895 coniuratio
548 1833 577 1892 in
594 1849 684 1894 omne
698 1834 868 1894 lacinusac
882 1833 1036 1893 libidinem
1052 1832 1186 1894 contine-

210 1920 312 1991 batur,
334 1934 391 1984 000
406 1932 509 1976 aarum
523 1932 624 1977 rerum
637 1917 745 1990 ullam,
761 1915 791 1976 in
807 1934 886 1994 quas
902 1916 1096 1977 iureiurando
1112 1915 1187 1976 obli-

210 2001 271 2075 gati
286 2008 386 2072 erant,
409 1999 439 2059 In
454 2015 490 2060 se
504 2007 555 2059 aut
569 1999 646 2060 alios
662 2000 862 2074 admiserant,
877 2016 934 2062 eos
949 1999 979 2059 in
994 1999 1124 2061 vincuIIs
1139 2014 1185 2059 re·

209 2084 403 2158 linquebant=
438 2081 490 2158 qui
511 2083 625 2157 stupris
645 2091 699 2143 aut
717 2083 863 2149 caedibus
884 2083 989 2146 violati
1010 2089 1110 2156 erant,
1135 2081 1187 2157 qui

211 2167 297 2226 laisis
309 2165 499 2240 testimoniis,
516 2165 611 2240 sIgnis
624 2167 810 2240 adulterinis,
824 2165 1013 2228 subiecIIone
1024 2173 1186 2228 testamen·

211 2257 320 2323 torum,
335 2250 494 2310 fraudibus
510 2249 577 2309 aliis
593 2249 796 2323 contaminati,
812 2265 867 2309 eos
883 2248 1004 2324 capitali
1020 2264 1119 2323 poena
1134 2248 1186 2307 ad-

210 2332 363 2394 iiciebant.
397 2333 500 2406 plures
527 2332 625 2390 necati
649 2347 740 2408 quam
761 2333 791 2391 in
813 2332 937 2392 vincula
957 2331 1084 2392 coniecti
1106 2338 1186 2391 sunt.

210 2430 321 2488 magna
339 2413 433 2472 visin
454 2419 585 2488 utraque
605 2429 701 2474 causa
722 2414 855 2474 virorum
878 2415 1100 2489 mulierumque
1122 2413 1187 2474 luit.

210 2495 353 2558 mulieres
369 2497 526 2556 damnatas
543 2497 690 2572 cognatis,
712 2498 807 2557 autin
823 2514 952 2573 quorum
966 2514 1058 2558 manu
1072 2505 1188 2572 essent,

211 2578 385 2653 tradebant,
407 2585 442 2639 ut
459 2579 519 2654 ipsi
540 2579 570 2638 in
592 2579 711 2654 privato
733 2581 1008 2644 animadverterent
1021 2579 1051 2640 in
1068 2595 1138 2640 ease
1160 2579 1189 2642 si

211 2677 302 2723 nemo
323 2671 388 2722 erat
401 2662 531 2724 idoneus
550 2663 693 2740 supplicii
708 2671 848 2738 exactor,
870 2664 900 2723 in
915 2665 1036 2738 publico
1052 2664 1188 2724 animad-

212 2745 395 2806 vertebatur.
432 2746 535 2807 datum
559 2746 670 2806 deinde
694 2747 872 2808 consulibus
892 2748 1046 2824 negotium
1067 2753 1128 2820 est,
1154 2754 1190 2808 ut

212 2829 314 2888 onmia
327 2827 531 2890 BacchanaIIa
544 2830 661 2890 Rornae
675 2829 813 2904 primurn,
829 2829 939 2890 deinde
953 2846 1010 2906 per
1023 2837 1116 2890 totam
1130 2829 1189 2890 Ita-

211 2912 453 2986 liamdiruerent,
461 2919 641 2987 extraquam
653 2912 679 2972 si
688 2930 749 2988 qua
760 2913 801 2974 ibi
812 2920 932 2973 vetusta
943 2921 1056 2974 araaut
1067 2912 1189 2987 signum

212 3001 425 3054 consecratum
440 3002 532 3055 esset.
569 2995 599 3057 in
614 2995 764 3070 reliquum
779 2995 891 3056 deinde
905 3005 1030 3058 senatus
1046 2997 1188 3056 consulto

213 3082 334 3136 cautmn
359 3083 421 3151 est,
445 3092 485 3138 ne
511 3095 572 3154 qua
591 3077 793 3140 Bacchanalia
813 3080 929 3141 Romae
952 3095 1030 3140 neve
1054 3079 1084 3140 In
1103 3079 1190 3140 ltalia
1221 3095 1225 3098 ·

212 3166 327 3220 essent.
353 3159 380 3219 si
400 3160 469 3235 quis
489 3163 550 3222 tale
570 3177 691 3222 sacrum
704 3163 852 3225 sollemne
866 3170 897 3225 et
910 3160 1116 3224 necessarium
1132 3160 1189 3220 du-

213 3250 310 3314 cerel,
326 3257 384 3303 neo
398 3243 465 3304 sine
478 3243 627 3320 religione
641 3253 671 3306 01
684 3246 805 3320 pIaculo
821 3261 855 3306 se
869 3247 901 3307 id
916 3245 1064 3307 dimittere
1079 3257 1187 3321 posse,

214 3329 296 3404 apud
317 3335 489 3404 praetorem
511 3328 658 3390 urbanum
679 3328 885 3404 profiteretur,
907 3337 1030 3405 praetor
1047 3333 1190 3388 senatum

214 3413 396 3476 consuleret.
425 3413 452 3475 si
467 3411 494 3473 01
510 3411 693 3488 permIssum
708 3419 799 3488 08801,
816 3428 884 3475 curn
898 3413 927 3474 in
944 3420 1051 3475 senatu
1066 3416 1190 3474 centum
