2598 3956
325 223 439 285 LIBER
450 224 524 286 XLI·
547 224 630 286 CAP.
641 235 668 287 2.
679 233 706 290 3.
728 232 763 300 [a
776 232 808 288 c.
821 234 883 300 178]
1035 227 1095 294 105

117 387 150 442 ut
163 378 215 440 ubi
230 379 314 440 nulla
328 386 414 439 esset
428 379 526 453 statio,
542 395 621 456 qnae
636 380 802 443 sustineret
815 381 975 458 impetum,
992 382 1095 444 audie·

115 465 219 535 batuam
241 470 272 523 et
291 463 485 524 concursatio
505 462 536 521 in
551 461 684 524 obscuro
705 463 903 527 incidentium
923 465 1051 528 aliorum
1066 467 1097 527 in

116 548 192 608 alios
213 547 362 609 incertum
382 547 495 620 iuerat,
517 561 555 606 ao
576 545 674 610 hostis
695 547 774 608 intra
788 549 901 610 vallum
918 556 1008 612 esset.
1036 567 1098 610 una

18 691 19 694 ,
114 647 178 693 vox
198 630 379 692 audiebatur
398 629 438 690 ad
457 646 542 691 mare
562 631 752 697 vocantium:
780 631 812 692 id
830 632 908 693 torto
928 641 1043 696 temere
1058 633 1096 694 ab

18 715 19 756 ἓ
114 731 176 778 uno
196 713 400 776 exclamatum
420 714 491 776 totis
511 713 628 790 passim
648 714 835 792 personabat
850 717 968 778 castris.
993 717 1097 792 itaque

115 799 214 874 primo
236 797 320 860 velut
337 797 414 860 iussi
435 797 467 858 io
489 797 590 859 iacere
605 800 697 875 pauci
711 799 832 874 armati,
854 799 951 862 maior
964 815 1036 875 pars
1051 800 1095 860 in·

115 897 214 943 ermes
235 883 276 942 ad
295 896 380 942 mare
397 881 578 951 decumum
601 882 672 942 dein
686 885 805 960 plures,
825 889 982 959 postremo
998 899 1097 960 prope

115 980 232 1040 omnes,
247 973 278 1027 et
291 965 361 1041 ipse
375 966 493 1040 consul,
508 981 578 1028 curn
592 967 705 1028 trustra
718 981 865 1029 revocare
877 967 1096 1042 fugientesqu-

113 1055 204 1111 natus
225 1064 283 1110 nec
299 1046 428 1125 imperio
445 1061 503 1110 neo
518 1049 698 1113 auctoritate
710 1065 768 1112 nec
783 1049 926 1126 precibus
941 1051 982 1112 ad
996 1059 1095 1116 extre·

113 1149 196 1197 mum
206 1131 364 1194 valuisset.
379 1148 458 1194 uuus
469 1133 616 1195 remansit
624 1133 665 1196 Μ.
676 1132 811 1195 Licinius
824 1133 944 1210 Strabo,
956 1127 1095 1203 tribunus

114 1216 241 1278 militurn
255 1217 362 1276 tertiae
377 1217 522 1292 legionis,
545 1234 615 1279 cum
627 1216 723 1280 tribus
738 1217 835 1294 signis
851 1218 890 1279 ab
903 1218 1024 1294 legione
1038 1235 1096 1281 sna

112 1301 248 1362 relictus.
275 1299 358 1362 buno
377 1299 408 1360 in
430 1315 528 1362 vacua
549 1307 651 1364 eastra
669 1302 785 1379 impetu
798 1303 879 1363 facto
894 1301 1003 1377 Histri,
1026 1318 1095 1364 oum

114 1385 192 1450 alins
213 1390 348 1446 armatus
363 1384 401 1444 iis
416 1397 507 1444 nemo
522 1383 643 1447 obviarn
658 1382 749 1461 isset,
769 1385 800 1444 in
815 1386 969 1464 praetorio
984 1385 1095 1448 instru-

114 1477 215 1531 entem
236 1473 329 1544 atque
350 1466 562 1530 adhortantem
581 1483 657 1531 suos
680 1476 912 1546 oppresserunt.
945 1470 1096 1546 proelium

114 1551 248 1615 annuus
271 1568 363 1628 quarn
382 1567 440 1628 pro
460 1551 612 1628 paucitate
632 1552 839 1615 resistentium
859 1553 930 1628 luit,
952 1568 1011 1614 neo
1024 1561 1094 1614 ante

113 1633 231 1700 tinitun
245 1643 301 1711 est,
317 1651 409 1716 quam
422 1635 562 1698 tribunus
576 1637 702 1698 militum
718 1637 832 1714 quique
847 1637 928 1698 cirea
943 1653 1011 1700 eunt
1023 1651 1095 1699 oon-

112 1721 252 1783 stlterant
272 1721 422 1783 interiecti
435 1728 516 1782 sunt.
547 1721 701 1797 praetorio
716 1721 851 1796 deiecto,
873 1722 1000 1798 direptis
1016 1737 1095 1797 quae

112 1804 156 1866 ibi
176 1799 375 1876 luerunt,''ad
396 1806 605 1882 quaestorium
619 1805 719 1867 lorum
734 1805 973 1882 quintanamque
987 1805 1095 1866 hostes

14 1881 15 1890 ’
113 1897 328 1966 pervenerunt.
356 1887 398 1950 ibi
413 1904 482 1950 curn
496 1891 629 1952 omnium
642 1904 743 1950 rerum
758 1895 895 1965 paratam
909 1889 1094 1965 expositam·

114 1987 176 2050 que
203 1973 324 2050 copiam
344 1979 374 2033 et
395 1979 507 2034 stratos
531 1976 628 2035 laotos
648 1974 678 2033 in
701 1973 877 2050 quaestorio
897 1973 1094 2046 invenissent,

112 2057 240 2132 regulus
256 2057 412 2118 accubans
426 2059 545 2133 epulari
560 2057 671 2134 coepit.
691 2072 763 2118 mox
778 2056 964 2118 idem-ceteri
976 2071 1093 2131 omnes,

114 2157 267 2203 annorum
285 2140 481 2218 hostiumque
495 2142 595 2214 obliti,
616 2141 746 2211 faciunt,
773 2148 802 2202 et
816 2148 851 2202 ut
865 2141 977 2217 quibus
991 2139 1095 2202 insue-

112 2231 162 2286 tus
183 2224 338 2296 liberalior
355 2221 454 2286 uictus
470 2232 568 2297 esset,
591 2224 710 2285 avidius
729 2224 801 2284 vino
818 2224 949 2298 ciboque
965 2239 1096 2300 corpora

113 2317 252 2370 onerant.

196 2393 247 2455 Ill.
269 2393 471 2471 Nequaquam
491 2392 600 2454 eadem
620 2399 669 2453 est
688 2399 751 2454 tum
765 2392 810 2452 rei
825 2391 923 2454 torma
937 2391 1024 2469 apud.
1035 2391 1096 2452 lio-

112 2493 239 2547 manos;
259 2484 342 2539 terra
357 2477 433 2539 mari
446 2476 632 2553 trepidatur:
654 2475 766 2538 nautici
780 2476 978 2538 tabernacula
992 2474 1096 2537 deten-

112 2561 198 2635 dunt,
207 2567 470 2640 commeatumque
481 2561 513 2622 in
522 2561 804 2638 littoreexpositum
813 2557 846 2622 in
857 2566 953 2622 nates
964 2560 1095 2634 rapiunt,

111 2646 223 2707 milites
242 2646 274 2707 in
288 2646 423 2722 scaphas
438 2652 468 2708 et
480 2660 565 2706 mare
578 2645 672 2706 territi
686 2651 791 2718 ruunt,
813 2650 925 2706 nautae
938 2650 1038 2716 metu,
1057 2658 1096 2702 ne

113 2731 326 2806 compleantur
342 2730 479 2806 navigia,
501 2729 552 2789 alii
565 2729 674 2791 turbae
689 2728 857 2800 obsistunt,
878 2727 929 2788 alii
944 2727 982 2788 ab
997 2727 1096 2788 littore

113 2829 210 2874 navos
222 2814 253 2875 in
264 2815 356 2876 altum
371 2814 536 2890 expellunt.
550 2813 623 2874 inde
634 2819 796 2885 certamen,
809 2827 881 2873 mox
893 2811 983 2870 etiarn
994 2825 1097 2886 pugna

113 2913 185 2958 curn
205 2899 382 2960 vulneribus
404 2904 435 2958 et
454 2895 551 2958 caede
572 2897 603 2957 in
619 2896 718 2957 vioern
733 2895 859 2958 militum
874 2900 1096 2970 nautarumque

113 2982 226 3057 oritur,
246 2982 346 3045 donec
366 2981 455 3045 iussu
476 2981 612 3043 consulis
633 2981 775 3058 procula
788 2985 868 3041 terra
889 2978 999 3041 classis
1014 2993 1096 3038 sum·

112 3072 197 3126 mota
217 3073 274 3126 est.
301 3081 464 3128 secernere
482 3066 554 3130 inde
568 3065 701 3126 inermes
715 3063 755 3124 ab
769 3062 893 3126 armatis
908 3061 1019 3139 eoepit.
1044 3063 1097 3121 vix

113 3147 196 3208 mille
208 3148 329 3210 ducenti
340 3166 379 3212 ex
389 3157 472 3213 tanta
482 3147 682 3223 multitudine,
699 3148 751 3225 qui
763 3163 847 3208 arma
857 3148 1015 3221 baberent,
1027 3161 1097 3223 per·

103 3269 108 3274 -
113 3231 207 3308 pauci
222 3232 351 3308 equites,
367 3235 419 3311 qui
434 3249 534 3311 equos
549 3249 654 3295 secum
669 3232 863 3307 eduxissent,
878 3231 993 3293 inventi
1010 3237 1096 3291 sunt:

114 3322 218 3376 cetera
238 3315 383 3378 deformis
397 3316 486 3380 turba
499 3317 582 3380 velut
596 3318 727 3380 lixarum
742 3319 959 3393 calonumque,
981 3313 1098 3389 praeda

113 3414 188 3460 vere
200 3400 310 3475 lutura,
324 3400 351 3462 si
363 3400 549 3463 beilihosies
560 3401 780 3463 meminissent.
802 3407 875 3462 tunc
885 3400 1008 3460 demum
1019 3403 1096 3456 nun-

114 3482 175 3544 tius
190 3484 303 3546 missus
319 3484 358 3546 ad
373 3485 491 3547 tertiam
505 3485 657 3561 legionem
673 3483 881 3547 revocandam
896 3490 927 3545 et
942 3479 1097 3546 Gallorum
