<?xml version="1.0" encoding="UTF-8"?>
<!DOCTYPE html PUBLIC "-//W3C//DTD XHTML 1.0 Transitional//EN"
    "http://www.w3.org/TR/xhtml1/DTD/xhtml1-transitional.dtd">
<html xmlns="http://www.w3.org/1999/xhtml" xml:lang="en" lang="en">
 <head>
  <title>
</title>
<meta http-equiv="Content-Type" content="text/html;charset=utf-8" />
  <meta name='ocr-system' content='tesseract 3.04.00' />
  <meta name='ocr-capabilities' content='ocr_page ocr_carea ocr_par ocr_line ocrx_word'/>
</head>
<body>
  <div class='ocr_page' id='page_1' title='image "./aburbeconditali09livygoog_0337.png"; bbox 0 0 2570 3952; ppageno 0'>
   <div class='ocr_carea' id='block_1_1' title="bbox 252 245 1103 309">
    <p class='ocr_par' dir='ltr' id='par_1_1' title="bbox 252 245 1103 309">
     <span class='ocr_line' id='line_1_1' title="bbox 252 245 1103 309; baseline 0.004 -4"><span class='ocrx_word' id='word_1_1' title='bbox 252 246 446 306; x_wconf 83' lang='lat' dir='ltr'><strong>EPITOMAE</strong></span> <span class='ocrx_word' id='word_1_2' title='bbox 460 246 662 309; x_wconf 84' lang='lat' dir='ltr'><strong>LIBRORUM</strong></span> <span class='ocrx_word' id='word_1_3' title='bbox 676 247 976 306; x_wconf 44' lang='lat' dir='ltr'><strong>cxxivubxxix.</strong></span> <span class='ocrx_word' id='word_1_4' title='bbox 1041 245 1103 308; x_wconf 84' lang='lat'><strong>309</strong></span> 
     </span>
    </p>
   </div>
   <div class='ocr_carea' id='block_1_2' title="bbox 64 395 1104 3568">
    <p class='ocr_par' dir='ltr' id='par_1_2' title="bbox 124 395 1103 870">
     <span class='ocr_line' id='line_1_2' title="bbox 125 395 1102 450; baseline -0.001 -10"><span class='ocrx_word' id='word_1_5' title='bbox 125 398 241 440; x_wconf 79' lang='lat' dir='ltr'><strong>victoriam</strong></span> <span class='ocrx_word' id='word_1_6' title='bbox 255 397 338 437; x_wconf 83' lang='lat' dir='ltr'><strong>Rornae</strong></span> <span class='ocrx_word' id='word_1_7' title='bbox 356 397 485 449; x_wconf 78' lang='lat' dir='ltr'><strong>praetextae</strong></span> <span class='ocrx_word' id='word_1_8' title='bbox 504 398 527 436; x_wconf 90' lang='lat' dir='ltr'><strong>et</strong></span> <span class='ocrx_word' id='word_1_9' title='bbox 543 395 587 437; x_wconf 83' lang='lat' dir='ltr'><strong>alia</strong></span> <span class='ocrx_word' id='word_1_10' title='bbox 601 399 769 448; x_wconf 80' lang='lat' dir='ltr'><strong>magistratuum</strong></span> <span class='ocrx_word' id='word_1_11' title='bbox 785 398 880 450; x_wconf 87' lang='lat' dir='ltr'><strong>insignia</strong></span> <span class='ocrx_word' id='word_1_12' title='bbox 894 400 983 450; x_wconf 83' lang='lat' dir='ltr'><strong>sumpta</strong></span> <span class='ocrx_word' id='word_1_13' title='bbox 998 403 1057 441; x_wconf 86' lang='lat' dir='ltr'><strong>sunt.</strong></span> <span class='ocrx_word' id='word_1_14' title='bbox 1077 401 1102 440; x_wconf 87' lang='lat' dir='ltr'><strong>c.</strong></span> 
     </span>
     <span class='ocr_line' id='line_1_3' title="bbox 127 450 1103 504; baseline -0.002 -10"><span class='ocrx_word' id='word_1_15' title='bbox 127 454 211 494; x_wconf 87' lang='lat' dir='ltr'><strong>Marius</strong></span> <span class='ocrx_word' id='word_1_16' title='bbox 230 463 278 491; x_wconf 91' lang='lat' dir='ltr'><strong>cum</strong></span> <span class='ocrx_word' id='word_1_17' title='bbox 292 451 373 491; x_wconf 88' lang='lat' dir='ltr'><strong>Marsis</strong></span> <span class='ocrx_word' id='word_1_18' title='bbox 393 450 459 490; x_wconf 90' lang='lat' dir='ltr'><strong>dubio</strong></span> <span class='ocrx_word' id='word_1_19' title='bbox 479 453 559 491; x_wconf 84' lang='lat' dir='ltr'><strong>eventu</strong></span> <span class='ocrx_word' id='word_1_20' title='bbox 580 453 692 502; x_wconf 87' lang='lat' dir='ltr'><strong>pugnavit.</strong></span> <span class='ocrx_word' id='word_1_21' title='bbox 715 451 812 493; x_wconf 89' lang='lat' dir='ltr'><strong>libertini</strong></span> <span class='ocrx_word' id='word_1_22' title='bbox 833 455 879 492; x_wconf 91' lang='lat' dir='ltr'><strong>tum</strong></span> <span class='ocrx_word' id='word_1_23' title='bbox 898 454 989 504; x_wconf 90' lang='lat' dir='ltr'><strong>primum</strong></span> <span class='ocrx_word' id='word_1_24' title='bbox 1008 453 1103 494; x_wconf 90' lang='lat' dir='ltr'><strong>militare</strong></span> 
     </span>
     <span class='ocr_line' id='line_1_4' title="bbox 126 503 1102 560; baseline 0 -14"><span class='ocrx_word' id='word_1_25' title='bbox 126 508 254 560; x_wconf 88' lang='lat' dir='ltr'><strong>coeperunt.</strong></span> <span class='ocrx_word' id='word_1_26' title='bbox 270 505 295 544; x_wconf 88' lang='lat' dir='ltr'><strong>A.</strong></span> <span class='ocrx_word' id='word_1_27' title='bbox 305 503 393 544; x_wconf 88' lang='lat' dir='ltr'><strong>Plotius</strong></span> <span class='ocrx_word' id='word_1_28' title='bbox 407 504 492 555; x_wconf 88' lang='lat' dir='ltr'><strong>legatus</strong></span> <span class='ocrx_word' id='word_1_29' title='bbox 500 503 601 553; x_wconf 88' lang='lat' dir='ltr'><strong>Umbros,</strong></span> <span class='ocrx_word' id='word_1_30' title='bbox 615 505 640 545; x_wconf 93' lang='lat' dir='ltr'><strong>L.</strong></span> <span class='ocrx_word' id='word_1_31' title='bbox 648 505 739 546; x_wconf 89' lang='lat' dir='ltr'><strong>Porcius</strong></span> <span class='ocrx_word' id='word_1_32' title='bbox 751 511 840 558; x_wconf 87' lang='lat' dir='ltr'><strong>praetor</strong></span> <span class='ocrx_word' id='word_1_33' title='bbox 854 505 968 556; x_wconf 85' lang='lat' dir='ltr'><strong>Etruscos,</strong></span> <span class='ocrx_word' id='word_1_34' title='bbox 984 518 1033 546; x_wconf 90' lang='lat' dir='ltr'><strong>cum</strong></span> <span class='ocrx_word' id='word_1_35' title='bbox 1044 509 1102 546; x_wconf 87' lang='lat' dir='ltr'><strong>uter·</strong></span> 
     </span>
     <span class='ocr_line' id='line_1_5' title="bbox 126 557 1102 612; baseline -0.003 -11"><span class='ocrx_word' id='word_1_36' title='bbox 126 572 171 612; x_wconf 87' lang='lat' dir='ltr'><strong>que</strong></span> <span class='ocrx_word' id='word_1_37' title='bbox 186 559 284 612; x_wconf 87' lang='lat' dir='ltr'><strong>populus</strong></span> <span class='ocrx_word' id='word_1_38' title='bbox 299 557 431 608; x_wconf 68' lang='lat' dir='ltr'><strong>defecisset,</strong></span> <span class='ocrx_word' id='word_1_39' title='bbox 446 557 533 610; x_wconf 90' lang='lat' dir='ltr'><strong>proelio</strong></span> <span class='ocrx_word' id='word_1_40' title='bbox 548 559 655 600; x_wconf 89' lang='lat' dir='ltr'><strong>vicerunt.</strong></span> <span class='ocrx_word' id='word_1_41' title='bbox 674 558 807 600; x_wconf 80' lang='lat' dir='ltr'><strong>Nicomedes</strong></span> <span class='ocrx_word' id='word_1_42' title='bbox 821 561 843 599; x_wconf 92' lang='lat' dir='ltr'><strong>in</strong></span> <span class='ocrx_word' id='word_1_43' title='bbox 859 559 985 612; x_wconf 80' lang='lat' dir='ltr'><strong>Bithyniae,</strong></span> <span class='ocrx_word' id='word_1_44' title='bbox 1001 560 1102 600; x_wconf 89' lang='lat' dir='ltr'><strong>Ariobar-</strong></span> 
     </span>
     <span class='ocr_line' id='line_1_6' title="bbox 125 611 1103 664; baseline -0.001 -10"><span class='ocrx_word' id='word_1_45' title='bbox 125 625 194 656; x_wconf 82' lang='lat' dir='ltr'><strong>zanes</strong></span> <span class='ocrx_word' id='word_1_46' title='bbox 213 615 234 652; x_wconf 89' lang='lat' dir='ltr'><strong>ln</strong></span> <span class='ocrx_word' id='word_1_47' title='bbox 250 611 406 664; x_wconf 87' lang='lat' dir='ltr'><strong>cappadociae</strong></span> <span class='ocrx_word' id='word_1_48' title='bbox 424 621 515 663; x_wconf 80' lang='lat' dir='ltr'><strong>reguum</strong></span> <span class='ocrx_word' id='word_1_49' title='bbox 534 611 621 652; x_wconf 88' lang='lat' dir='ltr'><strong>reducti</strong></span> <span class='ocrx_word' id='word_1_50' title='bbox 640 614 699 654; x_wconf 88' lang='lat' dir='ltr'><strong>sunt.</strong></span> <span class='ocrx_word' id='word_1_51' title='bbox 721 613 759 653; x_wconf 84' lang='lat' dir='ltr'><strong>Cn.</strong></span> <span class='ocrx_word' id='word_1_52' title='bbox 781 613 901 664; x_wconf 89' lang='lat' dir='ltr'><strong>Pompeius</strong></span> <span class='ocrx_word' id='word_1_53' title='bbox 920 613 997 655; x_wconf 90' lang='lat' dir='ltr'><strong>consui</strong></span> <span class='ocrx_word' id='word_1_54' title='bbox 1015 615 1103 654; x_wconf 91' lang='lat' dir='ltr'><strong>Marsos</strong></span> 
     </span>
     <span class='ocr_line' id='line_1_7' title="bbox 125 664 1103 718; baseline -0.005 -9"><span class='ocrx_word' id='word_1_55' title='bbox 125 671 174 709; x_wconf 87' lang='lat' dir='ltr'><strong>acie</strong></span> <span class='ocrx_word' id='word_1_56' title='bbox 192 667 255 707; x_wconf 86' lang='lat' dir='ltr'><strong>vicit.</strong></span> <span class='ocrx_word' id='word_1_57' title='bbox 278 676 327 706; x_wconf 91' lang='lat' dir='ltr'><strong>cum</strong></span> <span class='ocrx_word' id='word_1_58' title='bbox 342 676 393 704; x_wconf 88' lang='lat' dir='ltr'><strong>aere</strong></span> <span class='ocrx_word' id='word_1_59' title='bbox 413 664 484 706; x_wconf 89' lang='lat' dir='ltr'><strong>alieno</strong></span> <span class='ocrx_word' id='word_1_60' title='bbox 504 676 612 716; x_wconf 87' lang='lat' dir='ltr'><strong>oppresse</strong></span> <span class='ocrx_word' id='word_1_61' title='bbox 631 669 691 708; x_wconf 87' lang='lat' dir='ltr'><strong>esset</strong></span> <span class='ocrx_word' id='word_1_62' title='bbox 706 667 797 714; x_wconf 83' lang='lat' dir='ltr'><strong>civitas,</strong></span> <span class='ocrx_word' id='word_1_63' title='bbox 818 669 844 707; x_wconf 90' lang='lat' dir='ltr'><strong>A.</strong></span> <span class='ocrx_word' id='word_1_64' title='bbox 859 666 1004 718; x_wconf 88' lang='lat' dir='ltr'><strong>Sempronius</strong></span> <span class='ocrx_word' id='word_1_65' title='bbox 1018 667 1103 710; x_wconf 75' lang='lat' dir='ltr'><strong>Asellio</strong></span> 
     </span>
     <span class='ocr_line' id='line_1_8' title="bbox 124 718 1102 774; baseline -0.004 -12"><span class='ocrx_word' id='word_1_66' title='bbox 124 725 220 774; x_wconf 85' lang='lat' dir='ltr'><strong>praetor,</strong></span> <span class='ocrx_word' id='word_1_67' title='bbox 236 720 338 772; x_wconf 86' lang='lat' dir='ltr'><strong>quoniam</strong></span> <span class='ocrx_word' id='word_1_68' title='bbox 352 718 473 761; x_wconf 84' lang='lat' dir='ltr'><strong>secundum</strong></span> <span class='ocrx_word' id='word_1_69' title='bbox 488 718 599 758; x_wconf 79' lang='lat' dir='ltr'><strong>debitores</strong></span> <span class='ocrx_word' id='word_1_70' title='bbox 613 718 648 760; x_wconf 93' lang='lat' dir='ltr'><strong>ius</strong></span> <span class='ocrx_word' id='word_1_71' title='bbox 662 719 757 768; x_wconf 86' lang='lat' dir='ltr'><strong>dicebat,</strong></span> <span class='ocrx_word' id='word_1_72' title='bbox 772 721 799 759; x_wconf 90' lang='lat' dir='ltr'><strong>ab</strong></span> <span class='ocrx_word' id='word_1_73' title='bbox 815 723 843 762; x_wconf 86' lang='lat' dir='ltr'><strong>iis</strong></span> <span class='ocrx_word' id='word_1_74' title='bbox 858 721 895 771; x_wconf 91' lang='lat' dir='ltr'><strong>qui</strong></span> <span class='ocrx_word' id='word_1_75' title='bbox 910 720 1066 761; x_wconf 79' lang='lat' dir='ltr'><strong>fenerabantur</strong></span> <span class='ocrx_word' id='word_1_76' title='bbox 1079 720 1102 759; x_wconf 90' lang='lat' dir='ltr'><strong>ln</strong></span> 
     </span>
     <span class='ocr_line' id='line_1_9' title="bbox 125 771 1101 826; baseline -0.001 -11"><span class='ocrx_word' id='word_1_77' title='bbox 125 775 174 816; x_wconf 86' lang='lat' dir='ltr'><strong>s&#39;oro</strong></span> <span class='ocrx_word' id='word_1_78' title='bbox 195 776 282 816; x_wconf 85' lang='lat' dir='ltr'><strong>occisus</strong></span> <span class='ocrx_word' id='word_1_79' title='bbox 304 775 346 814; x_wconf 86' lang='lat' dir='ltr'><strong>cst.</strong></span> <span class='ocrx_word' id='word_1_80' title='bbox 367 775 482 826; x_wconf 86' lang='lat' dir='ltr'><strong>praeterea</strong></span> <span class='ocrx_word' id='word_1_81' title='bbox 501 773 638 814; x_wconf 77' lang='lat' dir='ltr'><strong>incursiones</strong></span> <span class='ocrx_word' id='word_1_82' title='bbox 652 771 759 813; x_wconf 86' lang='lat' dir='ltr'><strong>Thracum</strong></span> <span class='ocrx_word' id='word_1_83' title='bbox 774 777 796 814; x_wconf 92' lang='lat' dir='ltr'><strong>in</strong></span> <span class='ocrx_word' id='word_1_84' title='bbox 810 773 963 815; x_wconf 87' lang='lat' dir='ltr'><strong>Macedoniam</strong></span> <span class='ocrx_word' id='word_1_85' title='bbox 976 774 1101 826; x_wconf 89' lang='lat' dir='ltr'><strong>populatio-</strong></span> 
     </span>
     <span class='ocr_line' id='line_1_10' title="bbox 124 829 332 870; baseline -0.019 0"><span class='ocrx_word' id='word_1_86' title='bbox 124 841 166 870; x_wconf 89' lang='lat' dir='ltr'><strong>nes</strong></span> <span class='ocrx_word' id='word_1_87' title='bbox 184 839 212 868; x_wconf 85' lang='lat' dir='ltr'><strong>ua</strong></span> <span class='ocrx_word' id='word_1_88' title='bbox 227 829 332 868; x_wconf 90' lang='lat' dir='ltr'><strong>eontinet.</strong></span> 
     </span>
    </p>

    <p class='ocr_par' dir='ltr' id='par_1_3' title="bbox 124 840 1103 1468">
     <span class='ocr_line' id='line_1_11' title="bbox 168 840 1103 934; baseline -0.002 -11"><span class='ocrx_word' id='word_1_89' title='bbox 168 840 265 923; x_wconf 81' lang='lat' dir='ltr'><strong>qLXXV.</strong></span> <span class='ocrx_word' id='word_1_90' title='bbox 285 882 311 920; x_wconf 87' lang='lat' dir='ltr'><strong>A.</strong></span> <span class='ocrx_word' id='word_1_91' title='bbox 326 881 454 922; x_wconf 86' lang='lat' dir='ltr'><strong>Postumius</strong></span> <span class='ocrx_word' id='word_1_92' title='bbox 468 879 561 921; x_wconf 82' lang='lat' dir='ltr'><strong>Albinus</strong></span> <span class='ocrx_word' id='word_1_93' title='bbox 580 879 667 930; x_wconf 84' lang='lat' dir='ltr'><strong>legatus</strong></span> <span class='ocrx_word' id='word_1_94' title='bbox 686 879 747 934; x_wconf 88' lang='lat' dir='ltr'><strong>[cum</strong></span> <span class='ocrx_word' id='word_1_95' title='bbox 766 880 835 922; x_wconf 81' lang='lat' dir='ltr'><strong>classi</strong></span> <span class='ocrx_word' id='word_1_96' title='bbox 854 879 993 932; x_wconf 87' lang='lat' dir='ltr'><strong>praeessei]‚</strong></span> <span class='ocrx_word' id='word_1_97' title='bbox 1015 879 1103 921; x_wconf 79' lang='lat' dir='ltr'><strong>infamis</strong></span> 
     </span>
     <span class='ocr_line' id='line_1_12' title="bbox 126 932 1101 988; baseline -0.004 -11"><span class='ocrx_word' id='word_1_98' title='bbox 126 937 216 977; x_wconf 87' lang='lat' dir='ltr'><strong>erimine</strong></span> <span class='ocrx_word' id='word_1_99' title='bbox 230 933 364 988; x_wconf 80' lang='lat' dir='ltr'><strong>proditionis</strong></span> <span class='ocrx_word' id='word_1_100' title='bbox 379 935 405 973; x_wconf 88' lang='lat' dir='ltr'><strong>ab</strong></span> <span class='ocrx_word' id='word_1_101' title='bbox 421 935 520 974; x_wconf 85' lang='lat' dir='ltr'><strong>exercitu</strong></span> <span class='ocrx_word' id='word_1_102' title='bbox 534 943 574 974; x_wconf 90' lang='lat' dir='ltr'><strong>suo</strong></span> <span class='ocrx_word' id='word_1_103' title='bbox 589 933 719 976; x_wconf 85' lang='lat' dir='ltr'><strong>interiectus</strong></span> <span class='ocrx_word' id='word_1_104' title='bbox 734 941 776 977; x_wconf 89' lang='lat' dir='ltr'><strong>est.</strong></span> <span class='ocrx_word' id='word_1_105' title='bbox 793 935 817 975; x_wconf 97' lang='lat' dir='ltr'><strong>L.</strong></span> <span class='ocrx_word' id='word_1_106' title='bbox 833 933 950 975; x_wconf 82' lang='lat' dir='ltr'><strong>Cornelius</strong></span> <span class='ocrx_word' id='word_1_107' title='bbox 965 932 1029 974; x_wconf 91' lang='lat' dir='ltr'><strong>Sulla</strong></span> <span class='ocrx_word' id='word_1_108' title='bbox 1043 935 1101 984; x_wconf 87' lang='lat' dir='ltr'><strong>iega-</strong></span> 
     </span>
     <span class='ocr_line' id='line_1_13' title="bbox 125 986 1103 1040; baseline -0.003 -10"><span class='ocrx_word' id='word_1_109' title='bbox 125 993 164 1031; x_wconf 89' lang='lat' dir='ltr'><strong>tus</strong></span> <span class='ocrx_word' id='word_1_110' title='bbox 178 989 290 1030; x_wconf 81' lang='lat' dir='ltr'><strong>Samnites</strong></span> <span class='ocrx_word' id='word_1_111' title='bbox 304 986 389 1040; x_wconf 91' lang='lat' dir='ltr'><strong>proeiio</strong></span> <span class='ocrx_word' id='word_1_112' title='bbox 405 989 470 1037; x_wconf 89' lang='lat' dir='ltr'><strong>vicit,</strong></span> <span class='ocrx_word' id='word_1_113' title='bbox 492 991 514 1028; x_wconf 88' lang='lat' dir='ltr'><strong>et</strong></span> <span class='ocrx_word' id='word_1_114' title='bbox 527 988 579 1027; x_wconf 86' lang='lat' dir='ltr'><strong>bina</strong></span> <span class='ocrx_word' id='word_1_115' title='bbox 594 990 667 1029; x_wconf 90' lang='lat' dir='ltr'><strong>castra</strong></span> <span class='ocrx_word' id='word_1_116' title='bbox 682 999 756 1029; x_wconf 88' lang='lat' dir='ltr'><strong>eorum</strong></span> <span class='ocrx_word' id='word_1_117' title='bbox 771 989 913 1040; x_wconf 83' lang='lat' dir='ltr'><strong>expugnavit.</strong></span> <span class='ocrx_word' id='word_1_118' title='bbox 928 989 968 1030; x_wconf 84' lang='lat' dir='ltr'><strong>cn.</strong></span> <span class='ocrx_word' id='word_1_119' title='bbox 983 987 1103 1039; x_wconf 91' lang='lat' dir='ltr'><strong>Pompeius</strong></span> 
     </span>
     <span class='ocr_line' id='line_1_14' title="bbox 124 1039 1102 1095; baseline -0.004 -12"><span class='ocrx_word' id='word_1_120' title='bbox 124 1043 229 1084; x_wconf 85' lang='lat' dir='ltr'><strong>Vestinos</strong></span> <span class='ocrx_word' id='word_1_121' title='bbox 244 1043 265 1082; x_wconf 88' lang='lat' dir='ltr'><strong>in</strong></span> <span class='ocrx_word' id='word_1_122' title='bbox 280 1039 415 1082; x_wconf 90' lang='lat' dir='ltr'><strong>deditionem</strong></span> <span class='ocrx_word' id='word_1_123' title='bbox 429 1043 522 1093; x_wconf 89' lang='lat' dir='ltr'><strong>accepit.</strong></span> <span class='ocrx_word' id='word_1_124' title='bbox 543 1042 569 1082; x_wconf 96' lang='lat' dir='ltr'><strong>L.</strong></span> <span class='ocrx_word' id='word_1_125' title='bbox 583 1041 676 1084; x_wconf 88' lang='lat' dir='ltr'><strong>Porcius</strong></span> <span class='ocrx_word' id='word_1_126' title='bbox 692 1044 770 1085; x_wconf 89' lang='lat' dir='ltr'><strong>consui</strong></span> <span class='ocrx_word' id='word_1_127' title='bbox 784 1043 851 1084; x_wconf 89' lang='lat' dir='ltr'><strong>rebus</strong></span> <span class='ocrx_word' id='word_1_128' title='bbox 865 1053 972 1095; x_wconf 89' lang='lat' dir='ltr'><strong>prospere</strong></span> <span class='ocrx_word' id='word_1_129' title='bbox 986 1042 1055 1092; x_wconf 85' lang='lat' dir='ltr'><strong>gestis</strong></span> <span class='ocrx_word' id='word_1_130' title='bbox 1070 1040 1102 1080; x_wconf 86' lang='lat' dir='ltr'><strong>iu·</strong></span> 
     </span>
     <span class='ocr_line' id='line_1_15' title="bbox 125 1095 1093 1150; baseline -0.005 -12"><span class='ocrx_word' id='word_1_131' title='bbox 125 1097 204 1149; x_wconf 88' lang='lat' dir='ltr'><strong>sisque</strong></span> <span class='ocrx_word' id='word_1_132' title='bbox 216 1095 337 1147; x_wconf 84' lang='lat' dir='ltr'><strong>aliquoties</strong></span> <span class='ocrx_word' id='word_1_133' title='bbox 351 1095 439 1143; x_wconf 83' lang='lat' dir='ltr'><strong>Marsis,</strong></span> <span class='ocrx_word' id='word_1_134' title='bbox 455 1095 505 1136; x_wconf 91' lang='lat' dir='ltr'><strong>dum</strong></span> <span class='ocrx_word' id='word_1_135' title='bbox 521 1096 595 1137; x_wconf 87' lang='lat' dir='ltr'><strong>eastra</strong></span> <span class='ocrx_word' id='word_1_136' title='bbox 609 1107 684 1137; x_wconf 92' lang='lat' dir='ltr'><strong>eorum</strong></span> <span class='ocrx_word' id='word_1_137' title='bbox 698 1100 819 1150; x_wconf 82' lang='lat' dir='ltr'><strong>expugnat,</strong></span> <span class='ocrx_word' id='word_1_138' title='bbox 834 1097 926 1137; x_wconf 82' lang='lat' dir='ltr'><strong>cecidit:</strong></span> <span class='ocrx_word' id='word_1_139' title='bbox 942 1107 968 1136; x_wconf 88' lang='lat' dir='ltr'><strong>ea</strong></span> <span class='ocrx_word' id='word_1_140' title='bbox 982 1105 1019 1137; x_wconf 91' lang='lat' dir='ltr'><strong>res</strong></span> <span class='ocrx_word' id='word_1_141' title='bbox 1032 1095 1093 1136; x_wconf 90' lang='lat' dir='ltr'><strong>hosti</strong></span> 
     </span>
     <span class='ocr_line' id='line_1_16' title="bbox 126 1147 1102 1202; baseline -0.002 -12"><span class='ocrx_word' id='word_1_142' title='bbox 126 1153 168 1192; x_wconf 92' lang='lat' dir='ltr'><strong>bus</strong></span> <span class='ocrx_word' id='word_1_143' title='bbox 181 1151 295 1190; x_wconf 84' lang='lat' dir='ltr'><strong>victoriam</strong></span> <span class='ocrx_word' id='word_1_144' title='bbox 309 1149 357 1191; x_wconf 89' lang='lat' dir='ltr'><strong>eius</strong></span> <span class='ocrx_word' id='word_1_145' title='bbox 372 1149 451 1202; x_wconf 91' lang='lat' dir='ltr'><strong>proelii</strong></span> <span class='ocrx_word' id='word_1_146' title='bbox 468 1149 538 1192; x_wconf 86' lang='lat' dir='ltr'><strong>dedit.</strong></span> <span class='ocrx_word' id='word_1_147' title='bbox 559 1147 682 1193; x_wconf 84' lang='lat' dir='ltr'><strong>Cosconius</strong></span> <span class='ocrx_word' id='word_1_148' title='bbox 697 1154 719 1191; x_wconf 88' lang='lat' dir='ltr'><strong>et</strong></span> <span class='ocrx_word' id='word_1_149' title='bbox 734 1152 841 1192; x_wconf 84' lang='lat' dir='ltr'><strong>Lucceius</strong></span> <span class='ocrx_word' id='word_1_150' title='bbox 855 1150 967 1191; x_wconf 84' lang='lat' dir='ltr'><strong>Samnites</strong></span> <span class='ocrx_word' id='word_1_151' title='bbox 982 1152 1029 1190; x_wconf 87' lang='lat' dir='ltr'><strong>acie</strong></span> <span class='ocrx_word' id='word_1_152' title='bbox 1044 1151 1102 1190; x_wconf 83' lang='lat' dir='ltr'><strong>vice-</strong></span> 
     </span>
     <span class='ocr_line' id='line_1_17' title="bbox 125 1202 1101 1254; baseline -0.002 -10"><span class='ocrx_word' id='word_1_153' title='bbox 125 1206 186 1251; x_wconf 86' lang='lat' dir='ltr'><strong>runt,</strong></span> <span class='ocrx_word' id='word_1_154' title='bbox 203 1204 296 1244; x_wconf 91' lang='lat' dir='ltr'><strong>Marium</strong></span> <span class='ocrx_word' id='word_1_155' title='bbox 313 1202 439 1253; x_wconf 79' lang='lat' dir='ltr'><strong>Egnatium,</strong></span> <span class='ocrx_word' id='word_1_156' title='bbox 454 1203 615 1244; x_wconf 85' lang='lat' dir='ltr'><strong>nobilissimum</strong></span> <span class='ocrx_word' id='word_1_157' title='bbox 630 1203 726 1246; x_wconf 86' lang='lat' dir='ltr'><strong>hostium</strong></span> <span class='ocrx_word' id='word_1_158' title='bbox 741 1205 830 1254; x_wconf 86' lang='lat' dir='ltr'><strong>ducem,</strong></span> <span class='ocrx_word' id='word_1_159' title='bbox 845 1205 987 1252; x_wconf 84' lang='lat' dir='ltr'><strong>occiderunt,</strong></span> <span class='ocrx_word' id='word_1_160' title='bbox 1004 1202 1101 1254; x_wconf 79' lang='lat' dir='ltr'><strong>complu</strong></span> 
     </span>
     <span class='ocr_line' id='line_1_18' title="bbox 125 1255 1102 1310; baseline -0.005 -12"><span class='ocrx_word' id='word_1_161' title='bbox 125 1269 194 1309; x_wconf 90' lang='lat' dir='ltr'><strong>raque</strong></span> <span class='ocrx_word' id='word_1_162' title='bbox 214 1268 289 1297; x_wconf 89' lang='lat' dir='ltr'><strong>eorum</strong></span> <span class='ocrx_word' id='word_1_163' title='bbox 309 1255 391 1308; x_wconf 91' lang='lat' dir='ltr'><strong>oppida</strong></span> <span class='ocrx_word' id='word_1_164' title='bbox 411 1256 433 1295; x_wconf 91' lang='lat' dir='ltr'><strong>iu</strong></span> <span class='ocrx_word' id='word_1_165' title='bbox 453 1255 588 1296; x_wconf 89' lang='lat' dir='ltr'><strong>deditionem</strong></span> <span class='ocrx_word' id='word_1_166' title='bbox 600 1260 739 1310; x_wconf 82' lang='lat' dir='ltr'><strong>aeceperunt.</strong></span> <span class='ocrx_word' id='word_1_167' title='bbox 762 1261 787 1301; x_wconf 93' lang='lat' dir='ltr'><strong>L.</strong></span> <span class='ocrx_word' id='word_1_168' title='bbox 806 1258 873 1300; x_wconf 91' lang='lat' dir='ltr'><strong>Sulla</strong></span> <span class='ocrx_word' id='word_1_169' title='bbox 891 1258 996 1309; x_wconf 84' lang='lat' dir='ltr'><strong>Hirpinos</strong></span> <span class='ocrx_word' id='word_1_170' title='bbox 1012 1256 1102 1304; x_wconf 85' lang='lat' dir='ltr'><strong>domuit,</strong></span> 
     </span>
     <span class='ocr_line' id='line_1_19' title="bbox 124 1307 1102 1365; baseline -0.004 -13"><span class='ocrx_word' id='word_1_171' title='bbox 124 1311 237 1352; x_wconf 87' lang='lat' dir='ltr'><strong>Samnites</strong></span> <span class='ocrx_word' id='word_1_172' title='bbox 251 1309 353 1362; x_wconf 90' lang='lat' dir='ltr'><strong>pluribus</strong></span> <span class='ocrx_word' id='word_1_173' title='bbox 372 1307 465 1362; x_wconf 89' lang='lat' dir='ltr'><strong>proeliis</strong></span> <span class='ocrx_word' id='word_1_174' title='bbox 484 1309 556 1362; x_wconf 83' lang='lat' dir='ltr'><strong>ludit,</strong></span> <span class='ocrx_word' id='word_1_175' title='bbox 576 1310 664 1362; x_wconf 87' lang='lat' dir='ltr'><strong>aliquot</strong></span> <span class='ocrx_word' id='word_1_176' title='bbox 677 1311 773 1365; x_wconf 91' lang='lat' dir='ltr'><strong>populos</strong></span> <span class='ocrx_word' id='word_1_177' title='bbox 787 1314 884 1363; x_wconf 81' lang='lat' dir='ltr'><strong>recepit;</strong></span> <span class='ocrx_word' id='word_1_178' title='bbox 904 1313 1038 1362; x_wconf 86' lang='lat' dir='ltr'><strong>quantisque</strong></span> <span class='ocrx_word' id='word_1_179' title='bbox 1053 1319 1102 1349; x_wconf 89' lang='lat' dir='ltr'><strong>raro</strong></span> 
     </span>
     <span class='ocr_line' id='line_1_20' title="bbox 126 1362 1102 1418; baseline 0 -14"><span class='ocrx_word' id='word_1_180' title='bbox 126 1367 243 1416; x_wconf 87' lang='lat' dir='ltr'><strong>quisquam</strong></span> <span class='ocrx_word' id='word_1_181' title='bbox 257 1363 315 1406; x_wconf 90' lang='lat' dir='ltr'><strong>alius</strong></span> <span class='ocrx_word' id='word_1_182' title='bbox 330 1366 380 1402; x_wconf 86' lang='lat' dir='ltr'><strong>ante</strong></span> <span class='ocrx_word' id='word_1_183' title='bbox 395 1362 534 1404; x_wconf 87' lang='lat' dir='ltr'><strong>consulatum</strong></span> <span class='ocrx_word' id='word_1_184' title='bbox 549 1363 616 1405; x_wconf 88' lang='lat' dir='ltr'><strong>rebus</strong></span> <span class='ocrx_word' id='word_1_185' title='bbox 630 1367 712 1416; x_wconf 88' lang='lat' dir='ltr'><strong>gestis,</strong></span> <span class='ocrx_word' id='word_1_186' title='bbox 727 1367 757 1406; x_wconf 91' lang='lat' dir='ltr'><strong>ad</strong></span> <span class='ocrx_word' id='word_1_187' title='bbox 772 1366 902 1418; x_wconf 84' lang='lat' dir='ltr'><strong>petitionem</strong></span> <span class='ocrx_word' id='word_1_188' title='bbox 916 1363 1046 1407; x_wconf 88' lang='lat' dir='ltr'><strong>consulatus</strong></span> <span class='ocrx_word' id='word_1_189' title='bbox 1059 1364 1102 1406; x_wconf 82' lang='lat' dir='ltr'><strong>lio-</strong></span> 
     </span>
     <span class='ocr_line' id='line_1_21' title="bbox 125 1417 366 1468; baseline 0.008 -10"><span class='ocrx_word' id='word_1_190' title='bbox 125 1431 182 1459; x_wconf 88' lang='lat' dir='ltr'><strong>mam</strong></span> <span class='ocrx_word' id='word_1_191' title='bbox 197 1421 232 1459; x_wconf 87' lang='lat' dir='ltr'><strong>est</strong></span> <span class='ocrx_word' id='word_1_192' title='bbox 245 1417 366 1468; x_wconf 82' lang='lat' dir='ltr'><strong>proiectus.</strong></span> 
     </span>
    </p>

    <p class='ocr_par' dir='ltr' id='par_1_4' title="bbox 124 1469 1103 1998">
     <span class='ocr_line' id='line_1_22' title="bbox 179 1469 1101 1524; baseline -0.002 -12"><span class='ocrx_word' id='word_1_193' title='bbox 179 1471 275 1512; x_wconf 83' lang='lat' dir='ltr'><strong>LXXVI.</strong></span> <span class='ocrx_word' id='word_1_194' title='bbox 294 1473 320 1511; x_wconf 91' lang='lat' dir='ltr'><strong>A.</strong></span> <span class='ocrx_word' id='word_1_195' title='bbox 341 1469 447 1514; x_wconf 82' lang='lat' dir='ltr'><strong>Gabinius</strong></span> <span class='ocrx_word' id='word_1_196' title='bbox 465 1470 553 1523; x_wconf 89' lang='lat' dir='ltr'><strong>legatus</strong></span> <span class='ocrx_word' id='word_1_197' title='bbox 570 1472 638 1512; x_wconf 87' lang='lat' dir='ltr'><strong>rebus</strong></span> <span class='ocrx_word' id='word_1_198' title='bbox 656 1471 766 1512; x_wconf 87' lang='lat' dir='ltr'><strong>adversus</strong></span> <span class='ocrx_word' id='word_1_199' title='bbox 784 1473 885 1513; x_wconf 85' lang='lat' dir='ltr'><strong>Lucanos</strong></span> <span class='ocrx_word' id='word_1_200' title='bbox 903 1482 1010 1524; x_wconf 83' lang='lat' dir='ltr'><strong>prospere</strong></span> <span class='ocrx_word' id='word_1_201' title='bbox 1025 1470 1101 1523; x_wconf 84' lang='lat' dir='ltr'><strong>gestis,</strong></span> 
     </span>
     <span class='ocr_line' id='line_1_23' title="bbox 125 1523 1097 1577; baseline -0.004 -11"><span class='ocrx_word' id='word_1_202' title='bbox 125 1528 148 1566; x_wconf 89' lang='lat' dir='ltr'><strong>et</strong></span> <span class='ocrx_word' id='word_1_203' title='bbox 168 1525 268 1577; x_wconf 86' lang='lat' dir='ltr'><strong>plurimis</strong></span> <span class='ocrx_word' id='word_1_204' title='bbox 292 1523 380 1576; x_wconf 89' lang='lat' dir='ltr'><strong>oppidis</strong></span> <span class='ocrx_word' id='word_1_205' title='bbox 399 1526 544 1577; x_wconf 79' lang='lat' dir='ltr'><strong>expugnatis,</strong></span> <span class='ocrx_word' id='word_1_206' title='bbox 567 1527 589 1565; x_wconf 93' lang='lat' dir='ltr'><strong>in</strong></span> <span class='ocrx_word' id='word_1_207' title='bbox 609 1524 723 1567; x_wconf 87' lang='lat' dir='ltr'><strong>obsidione</strong></span> <span class='ocrx_word' id='word_1_208' title='bbox 743 1528 864 1566; x_wconf 87' lang='lat' dir='ltr'><strong>castrorum</strong></span> <span class='ocrx_word' id='word_1_209' title='bbox 884 1524 1000 1567; x_wconf 88' lang='lat' dir='ltr'><strong>hostilium</strong></span> <span class='ocrx_word' id='word_1_210' title='bbox 1015 1523 1097 1565; x_wconf 88' lang='lat' dir='ltr'><strong>cecidit</strong></span> 
     </span>
     <span class='ocr_line' id='line_1_24' title="bbox 125 1577 1103 1632; baseline -0.003 -12"><span class='ocrx_word' id='word_1_211' title='bbox 125 1579 240 1632; x_wconf 88' lang='lat' dir='ltr'><strong>Sulpicius</strong></span> <span class='ocrx_word' id='word_1_212' title='bbox 258 1578 345 1629; x_wconf 84' lang='lat' dir='ltr'><strong>legatus</strong></span> <span class='ocrx_word' id='word_1_213' title='bbox 359 1577 497 1620; x_wconf 83' lang='lat' dir='ltr'><strong>Marrucinos</strong></span> <span class='ocrx_word' id='word_1_214' title='bbox 517 1579 610 1629; x_wconf 88' lang='lat' dir='ltr'><strong>cecidit,</strong></span> <span class='ocrx_word' id='word_1_215' title='bbox 631 1581 743 1630; x_wconf 87' lang='lat' dir='ltr'><strong>totamque</strong></span> <span class='ocrx_word' id='word_1_216' title='bbox 763 1590 810 1620; x_wconf 88' lang='lat' dir='ltr'><strong>eam</strong></span> <span class='ocrx_word' id='word_1_217' title='bbox 826 1581 935 1632; x_wconf 83' lang='lat' dir='ltr'><strong>regionem</strong></span> <span class='ocrx_word' id='word_1_218' title='bbox 950 1579 1043 1630; x_wconf 89' lang='lat' dir='ltr'><strong>recepit.</strong></span> <span class='ocrx_word' id='word_1_219' title='bbox 1061 1577 1103 1618; x_wconf 84' lang='lat' dir='ltr'><strong>Cn.</strong></span> 
     </span>
     <span class='ocr_line' id='line_1_25' title="bbox 125 1631 1102 1686; baseline -0.003 -12"><span class='ocrx_word' id='word_1_220' title='bbox 125 1632 245 1685; x_wconf 89' lang='lat' dir='ltr'><strong>Pompeius</strong></span> <span class='ocrx_word' id='word_1_221' title='bbox 258 1631 378 1684; x_wconf 89' lang='lat' dir='ltr'><strong>proconsul</strong></span> <span class='ocrx_word' id='word_1_222' title='bbox 387 1631 489 1674; x_wconf 87' lang='lat' dir='ltr'><strong>Vestinos</strong></span> <span class='ocrx_word' id='word_1_223' title='bbox 500 1635 523 1673; x_wconf 90' lang='lat' dir='ltr'><strong>et</strong></span> <span class='ocrx_word' id='word_1_224' title='bbox 530 1633 634 1686; x_wconf 88' lang='lat' dir='ltr'><strong>Pelignos</strong></span> <span class='ocrx_word' id='word_1_225' title='bbox 647 1633 668 1673; x_wconf 92' lang='lat' dir='ltr'><strong>in</strong></span> <span class='ocrx_word' id='word_1_226' title='bbox 677 1633 809 1676; x_wconf 86' lang='lat' dir='ltr'><strong>deditionem</strong></span> <span class='ocrx_word' id='word_1_227' title='bbox 818 1635 911 1686; x_wconf 89' lang='lat' dir='ltr'><strong>accepit.</strong></span> <span class='ocrx_word' id='word_1_228' title='bbox 922 1635 997 1686; x_wconf 29' lang='lat' dir='ltr'><strong>,Marsi</strong></span> <span class='ocrx_word' id='word_1_229' title='bbox 1006 1642 1102 1684; x_wconf 89' lang='lat' dir='ltr'><strong>quoque,</strong></span> 
     </span>
     <span class='ocr_line' id='line_1_26' title="bbox 125 1686 1102 1740; baseline 0.001 -14"><span class='ocrx_word' id='word_1_230' title='bbox 125 1699 138 1726; x_wconf 89' lang='lat' dir='ltr'><strong>a</strong></span> <span class='ocrx_word' id='word_1_231' title='bbox 148 1687 175 1728; x_wconf 93' lang='lat' dir='ltr'><strong>L.</strong></span> <span class='ocrx_word' id='word_1_232' title='bbox 184 1687 283 1734; x_wconf 87' lang='lat' dir='ltr'><strong>Murena,</strong></span> <span class='ocrx_word' id='word_1_233' title='bbox 299 1689 322 1726; x_wconf 88' lang='lat' dir='ltr'><strong>et</strong></span> <span class='ocrx_word' id='word_1_234' title='bbox 335 1687 431 1726; x_wconf 81' lang='lat' dir='ltr'><strong>Caecilio</strong></span> <span class='ocrx_word' id='word_1_235' title='bbox 443 1687 484 1728; x_wconf 88' lang='lat' dir='ltr'><strong>Pio</strong></span> <span class='ocrx_word' id='word_1_236' title='bbox 498 1687 579 1739; x_wconf 88' lang='lat' dir='ltr'><strong>legatis</strong></span> <span class='ocrx_word' id='word_1_237' title='bbox 594 1686 680 1738; x_wconf 90' lang='lat' dir='ltr'><strong>aliquot</strong></span> <span class='ocrx_word' id='word_1_238' title='bbox 693 1687 787 1740; x_wconf 87' lang='lat' dir='ltr'><strong>proeliis</strong></span> <span class='ocrx_word' id='word_1_239' title='bbox 802 1687 873 1738; x_wconf 82' lang='lat' dir='ltr'><strong>tracti,</strong></span> <span class='ocrx_word' id='word_1_240' title='bbox 888 1687 1002 1739; x_wconf 88' lang='lat' dir='ltr'><strong>petierunt</strong></span> <span class='ocrx_word' id='word_1_241' title='bbox 1018 1697 1102 1739; x_wconf 87' lang='lat' dir='ltr'><strong>pacem.</strong></span> 
     </span>
     <span class='ocr_line' id='line_1_27' title="bbox 125 1739 1102 1794; baseline -0.005 -12"><span class='ocrx_word' id='word_1_242' title='bbox 125 1741 230 1783; x_wconf 82' lang='lat' dir='ltr'><strong>Asculum</strong></span> <span class='ocrx_word' id='word_1_243' title='bbox 244 1751 257 1780; x_wconf 93' lang='lat' dir='ltr'><strong>a</strong></span> <span class='ocrx_word' id='word_1_244' title='bbox 272 1739 312 1780; x_wconf 83' lang='lat' dir='ltr'><strong>Cn.</strong></span> <span class='ocrx_word' id='word_1_245' title='bbox 328 1740 433 1793; x_wconf 91' lang='lat' dir='ltr'><strong>Pompeio</strong></span> <span class='ocrx_word' id='word_1_246' title='bbox 449 1744 537 1794; x_wconf 89' lang='lat' dir='ltr'><strong>captum</strong></span> <span class='ocrx_word' id='word_1_247' title='bbox 551 1743 598 1790; x_wconf 84' lang='lat' dir='ltr'><strong>est,</strong></span> <span class='ocrx_word' id='word_1_248' title='bbox 615 1745 687 1784; x_wconf 87' lang='lat' dir='ltr'><strong>eaesis</strong></span> <span class='ocrx_word' id='word_1_249' title='bbox 702 1745 724 1782; x_wconf 90' lang='lat' dir='ltr'><strong>et</strong></span> <span class='ocrx_word' id='word_1_250' title='bbox 738 1755 751 1782; x_wconf 89' lang='lat' dir='ltr'><strong>a</strong></span> <span class='ocrx_word' id='word_1_251' title='bbox 765 1741 831 1782; x_wconf 88' lang='lat' dir='ltr'><strong>Mam.</strong></span> <span class='ocrx_word' id='word_1_252' title='bbox 846 1741 940 1783; x_wconf 88' lang='lat' dir='ltr'><strong>Aemilio</strong></span> <span class='ocrx_word' id='word_1_253' title='bbox 955 1742 1028 1792; x_wconf 86' lang='lat' dir='ltr'><strong>iegato</strong></span> <span class='ocrx_word' id='word_1_254' title='bbox 1044 1739 1102 1779; x_wconf 89' lang='lat' dir='ltr'><strong>ltali-</strong></span> 
     </span>
     <span class='ocr_line' id='line_1_28' title="bbox 126 1792 1102 1845; baseline -0.003 -11"><span class='ocrx_word' id='word_1_255' title='bbox 126 1795 166 1838; x_wconf 88' lang='lat' dir='ltr'><strong>cis.</strong></span> <span class='ocrx_word' id='word_1_256' title='bbox 176 1795 224 1836; x_wconf 90' lang='lat' dir='ltr'><strong>Silo</strong></span> <span class='ocrx_word' id='word_1_257' title='bbox 233 1792 382 1845; x_wconf 89' lang='lat' dir='ltr'><strong>Pompaedius</strong></span> <span class='ocrx_word' id='word_1_258' title='bbox 394 1794 438 1834; x_wconf 81' lang='lat' dir='ltr'><strong>dux</strong></span> <span class='ocrx_word' id='word_1_259' title='bbox 446 1795 576 1845; x_wconf 88' lang='lat' dir='ltr'><strong>Marsorum,</strong></span> <span class='ocrx_word' id='word_1_260' title='bbox 593 1800 669 1836; x_wconf 86' lang='lat' dir='ltr'><strong>auctor</strong></span> <span class='ocrx_word' id='word_1_261' title='bbox 683 1797 731 1837; x_wconf 90' lang='lat' dir='ltr'><strong>eius</strong></span> <span class='ocrx_word' id='word_1_262' title='bbox 746 1797 785 1844; x_wconf 82' lang='lat' dir='ltr'><strong>rei,</strong></span> <span class='ocrx_word' id='word_1_263' title='bbox 801 1797 822 1836; x_wconf 90' lang='lat' dir='ltr'><strong>in</strong></span> <span class='ocrx_word' id='word_1_264' title='bbox 838 1796 923 1845; x_wconf 90' lang='lat' dir='ltr'><strong>proelio</strong></span> <span class='ocrx_word' id='word_1_265' title='bbox 934 1794 1024 1836; x_wconf 89' lang='lat' dir='ltr'><strong>cecidit.</strong></span> <span class='ocrx_word' id='word_1_266' title='bbox 1041 1792 1102 1833; x_wconf 84' lang='lat' dir='ltr'><strong>Ario·</strong></span> 
     </span>
     <span class='ocr_line' id='line_1_29' title="bbox 124 1847 1103 1901; baseline -0.003 -14"><span class='ocrx_word' id='word_1_267' title='bbox 124 1849 231 1888; x_wconf 87' lang='lat' dir='ltr'><strong>barzanes</strong></span> <span class='ocrx_word' id='word_1_268' title='bbox 246 1847 413 1899; x_wconf 85' lang='lat' dir='ltr'><strong>Cappadociae,</strong></span> <span class='ocrx_word' id='word_1_269' title='bbox 432 1848 566 1890; x_wconf 86' lang='lat' dir='ltr'><strong>Nicomedes</strong></span> <span class='ocrx_word' id='word_1_270' title='bbox 581 1848 699 1901; x_wconf 79' lang='lat' dir='ltr'><strong>Bithyniae</strong></span> <span class='ocrx_word' id='word_1_271' title='bbox 717 1859 785 1900; x_wconf 84' lang='lat' dir='ltr'><strong>regno</strong></span> <span class='ocrx_word' id='word_1_272' title='bbox 800 1861 812 1888; x_wconf 92' lang='lat' dir='ltr'><strong>a</strong></span> <span class='ocrx_word' id='word_1_273' title='bbox 827 1847 956 1890; x_wconf 84' lang='lat' dir='ltr'><strong>Mithridate</strong></span> <span class='ocrx_word' id='word_1_274' title='bbox 971 1848 1037 1888; x_wconf 87' lang='lat' dir='ltr'><strong>Ponti</strong></span> <span class='ocrx_word' id='word_1_275' title='bbox 1051 1857 1103 1897; x_wconf 85' lang='lat' dir='ltr'><strong>rega</strong></span> 
     </span>
     <span class='ocr_line' id='line_1_30' title="bbox 126 1901 1103 1954; baseline -0.002 -13"><span class='ocrx_word' id='word_1_276' title='bbox 126 1903 185 1953; x_wconf 87' lang='lat' dir='ltr'><strong>puisi</strong></span> <span class='ocrx_word' id='word_1_277' title='bbox 204 1903 263 1942; x_wconf 88' lang='lat' dir='ltr'><strong>sunt.</strong></span> <span class='ocrx_word' id='word_1_278' title='bbox 284 1903 398 1952; x_wconf 88' lang='lat' dir='ltr'><strong>praeterea</strong></span> <span class='ocrx_word' id='word_1_279' title='bbox 419 1903 559 1944; x_wconf 88' lang='lat' dir='ltr'><strong>incursiones</strong></span> <span class='ocrx_word' id='word_1_280' title='bbox 572 1902 679 1944; x_wconf 88' lang='lat' dir='ltr'><strong>Thracum</strong></span> <span class='ocrx_word' id='word_1_281' title='bbox 699 1905 720 1944; x_wconf 90' lang='lat' dir='ltr'><strong>in</strong></span> <span class='ocrx_word' id='word_1_282' title='bbox 735 1902 887 1946; x_wconf 86' lang='lat' dir='ltr'><strong>Macedoniarn</strong></span> <span class='ocrx_word' id='word_1_283' title='bbox 902 1901 1103 1954; x_wconf 85' lang='lat' dir='ltr'><strong>populationesque</strong></span> 
     </span>
     <span class='ocr_line' id='line_1_31' title="bbox 126 1956 752 1998; baseline -0.002 -4"><span class='ocrx_word' id='word_1_284' title='bbox 126 1956 243 1995; x_wconf 79' lang='lat' dir='ltr'><strong>continea-</strong></span> <span class='ocrx_word' id='word_1_285' title='bbox 749 1989 752 1998; x_wconf 85' lang='lat'>‚</span> 
     </span>
    </p>

    <p class='ocr_par' dir='ltr' id='par_1_5' title="bbox 64 2007 1104 3018">
     <span class='ocr_line' id='line_1_32' title="bbox 179 2007 1104 2062; baseline 0.001 -15"><span class='ocrx_word' id='word_1_286' title='bbox 179 2007 284 2048; x_wconf 87' lang='lat' dir='ltr'><strong>LXXVii.</strong></span> <span class='ocrx_word' id='word_1_287' title='bbox 300 2010 354 2051; x_wconf 87' lang='lat' dir='ltr'><strong>cum</strong></span> <span class='ocrx_word' id='word_1_288' title='bbox 367 2009 393 2049; x_wconf 94' lang='lat' dir='ltr'><strong>P.</strong></span> <span class='ocrx_word' id='word_1_289' title='bbox 408 2008 523 2062; x_wconf 89' lang='lat' dir='ltr'><strong>Sulpicius</strong></span> <span class='ocrx_word' id='word_1_290' title='bbox 538 2011 641 2052; x_wconf 91' lang='lat' dir='ltr'><strong>tribunus</strong></span> <span class='ocrx_word' id='word_1_291' title='bbox 655 2010 728 2062; x_wconf 87' lang='lat' dir='ltr'><strong>plebis</strong></span> <span class='ocrx_word' id='word_1_292' title='bbox 742 2013 832 2052; x_wconf 90' lang='lat' dir='ltr'><strong>auctore</strong></span> <span class='ocrx_word' id='word_1_293' title='bbox 844 2011 869 2055; x_wconf 82' lang='lat' dir='ltr'><strong>C.</strong></span> <span class='ocrx_word' id='word_1_294' title='bbox 882 2010 953 2051; x_wconf 87' lang='lat' dir='ltr'><strong>Mario</strong></span> <span class='ocrx_word' id='word_1_295' title='bbox 968 2007 1104 2060; x_wconf 88' lang='lat' dir='ltr'><strong>perniciosas</strong></span> 
     </span>
     <span class='ocr_line' id='line_1_33' title="bbox 125 2061 1103 2114; baseline -0.002 -12"><span class='ocrx_word' id='word_1_296' title='bbox 125 2061 186 2114; x_wconf 87' lang='lat' dir='ltr'><strong>leges</strong></span> <span class='ocrx_word' id='word_1_297' title='bbox 205 2061 379 2114; x_wconf 81' lang='lat' dir='ltr'><strong>promulgasset,</strong></span> <span class='ocrx_word' id='word_1_298' title='bbox 403 2066 428 2103; x_wconf 92' lang='lat' dir='ltr'><strong>ut</strong></span> <span class='ocrx_word' id='word_1_299' title='bbox 449 2064 540 2106; x_wconf 85' lang='lat' dir='ltr'><strong>exsules</strong></span> <span class='ocrx_word' id='word_1_300' title='bbox 560 2069 717 2106; x_wconf 84' lang='lat' dir='ltr'><strong>revocarentur</strong></span> <span class='ocrx_word' id='word_1_301' title='bbox 735 2066 758 2105; x_wconf 91' lang='lat' dir='ltr'><strong>et</strong></span> <span class='ocrx_word' id='word_1_302' title='bbox 778 2067 828 2104; x_wconf 87' lang='lat' dir='ltr'><strong>novi</strong></span> <span class='ocrx_word' id='word_1_303' title='bbox 844 2067 904 2105; x_wconf 85' lang='lat' dir='ltr'><strong>cives</strong></span> <span class='ocrx_word' id='word_1_304' title='bbox 923 2063 1068 2113; x_wconf 88' lang='lat' dir='ltr'><strong>libertinique</strong></span> <span class='ocrx_word' id='word_1_305' title='bbox 1081 2061 1103 2100; x_wconf 92' lang='lat' dir='ltr'><strong>in</strong></span> 
     </span>
     <span class='ocr_line' id='line_1_34' title="bbox 126 2115 1104 2166; baseline -0.002 -10"><span class='ocrx_word' id='word_1_306' title='bbox 126 2117 197 2156; x_wconf 90' lang='lat' dir='ltr'><strong>tribus</strong></span> <span class='ocrx_word' id='word_1_307' title='bbox 217 2115 415 2165; x_wconf 88' lang='lat' dir='ltr'><strong>distribuerentur,</strong></span> <span class='ocrx_word' id='word_1_308' title='bbox 436 2119 459 2156; x_wconf 88' lang='lat' dir='ltr'><strong>et</strong></span> <span class='ocrx_word' id='word_1_309' title='bbox 474 2119 498 2156; x_wconf 92' lang='lat' dir='ltr'><strong>ut</strong></span> <span class='ocrx_word' id='word_1_310' title='bbox 517 2117 542 2158; x_wconf 82' lang='lat' dir='ltr'><strong>G.</strong></span> <span class='ocrx_word' id='word_1_311' title='bbox 559 2119 642 2158; x_wconf 86' lang='lat' dir='ltr'><strong>Masius</strong></span> <span class='ocrx_word' id='word_1_312' title='bbox 661 2119 769 2160; x_wconf 87' lang='lat' dir='ltr'><strong>adversus</strong></span> <span class='ocrx_word' id='word_1_313' title='bbox 784 2117 935 2159; x_wconf 86' lang='lat' dir='ltr'><strong>Mithridatem</strong></span> <span class='ocrx_word' id='word_1_314' title='bbox 951 2117 1015 2157; x_wconf 86' lang='lat' dir='ltr'><strong>Ponti</strong></span> <span class='ocrx_word' id='word_1_315' title='bbox 1030 2125 1104 2166; x_wconf 88' lang='lat' dir='ltr'><strong>regem</strong></span> 
     </span>
     <span class='ocr_line' id='line_1_35' title="bbox 126 2168 1103 2225; baseline -0.004 -15"><span class='ocrx_word' id='word_1_316' title='bbox 126 2170 171 2210; x_wconf 81' lang='lat' dir='ltr'><strong>dux</strong></span> <span class='ocrx_word' id='word_1_317' title='bbox 187 2171 305 2219; x_wconf 88' lang='lat' dir='ltr'><strong>crearetur,</strong></span> <span class='ocrx_word' id='word_1_318' title='bbox 321 2173 343 2210; x_wconf 92' lang='lat' dir='ltr'><strong>et</strong></span> <span class='ocrx_word' id='word_1_319' title='bbox 356 2171 526 2212; x_wconf 87' lang='lat' dir='ltr'><strong>adversantibus</strong></span> <span class='ocrx_word' id='word_1_320' title='bbox 541 2172 670 2212; x_wconf 89' lang='lat' dir='ltr'><strong>consulibus</strong></span> <span class='ocrx_word' id='word_1_321' title='bbox 685 2173 713 2217; x_wconf 76' lang='lat'><strong>0.</strong></span> <span class='ocrx_word' id='word_1_322' title='bbox 726 2172 833 2225; x_wconf 88' lang='lat' dir='ltr'><strong>Pompeio</strong></span> <span class='ocrx_word' id='word_1_323' title='bbox 849 2175 871 2213; x_wconf 89' lang='lat' dir='ltr'><strong>et</strong></span> <span class='ocrx_word' id='word_1_324' title='bbox 882 2173 907 2214; x_wconf 91' lang='lat' dir='ltr'><strong>L.</strong></span> <span class='ocrx_word' id='word_1_325' title='bbox 921 2169 999 2211; x_wconf 89' lang='lat' dir='ltr'><strong>Sullae</strong></span> <span class='ocrx_word' id='word_1_326' title='bbox 1013 2171 1058 2208; x_wconf 82' lang='lat' dir='ltr'><strong>rim</strong></span> <span class='ocrx_word' id='word_1_327' title='bbox 1072 2168 1103 2206; x_wconf 90' lang='lat' dir='ltr'><strong>in·</strong></span> 
     </span>
     <span class='ocr_line' id='line_1_36' title="bbox 125 2220 1103 2277; baseline -0.004 -13"><span class='ocrx_word' id='word_1_328' title='bbox 125 2223 230 2272; x_wconf 88' lang='lat' dir='ltr'><strong>tulisset,</strong></span> <span class='ocrx_word' id='word_1_329' title='bbox 252 2225 325 2266; x_wconf 88' lang='lat' dir='ltr'><strong>occiso</strong></span> <span class='ocrx_word' id='word_1_330' title='bbox 341 2223 369 2267; x_wconf 80' lang='lat' dir='ltr'><strong>Q.</strong></span> <span class='ocrx_word' id='word_1_331' title='bbox 384 2224 490 2277; x_wconf 88' lang='lat' dir='ltr'><strong>Pompeio</strong></span> <span class='ocrx_word' id='word_1_332' title='bbox 510 2225 608 2266; x_wconf 88' lang='lat' dir='ltr'><strong>consulis</strong></span> <span class='ocrx_word' id='word_1_333' title='bbox 623 2224 679 2274; x_wconf 91' lang='lat' dir='ltr'><strong>tilio,</strong></span> <span class='ocrx_word' id='word_1_334' title='bbox 701 2237 782 2276; x_wconf 87' lang='lat' dir='ltr'><strong>genero</strong></span> <span class='ocrx_word' id='word_1_335' title='bbox 796 2220 885 2274; x_wconf 77' lang='lat' dir='ltr'><strong>Sullae,</strong></span> <span class='ocrx_word' id='word_1_336' title='bbox 905 2225 931 2266; x_wconf 90' lang='lat' dir='ltr'><strong>L.</strong></span> <span class='ocrx_word' id='word_1_337' title='bbox 947 2221 1012 2263; x_wconf 85' lang='lat' dir='ltr'><strong>Sulla</strong></span> <span class='ocrx_word' id='word_1_338' title='bbox 1026 2221 1103 2262; x_wconf 89' lang='lat' dir='ltr'><strong>consui</strong></span> 
     </span>
     <span class='ocr_line' id='line_1_37' title="bbox 125 2275 1104 2331; baseline -0.005 -13"><span class='ocrx_word' id='word_1_339' title='bbox 125 2289 174 2318; x_wconf 89' lang='lat' dir='ltr'><strong>cum</strong></span> <span class='ocrx_word' id='word_1_340' title='bbox 189 2277 325 2318; x_wconf 82' lang='lat' dir='ltr'><strong>exercituin</strong></span> <span class='ocrx_word' id='word_1_341' title='bbox 340 2278 415 2318; x_wconf 91' lang='lat' dir='ltr'><strong>urbem</strong></span> <span class='ocrx_word' id='word_1_342' title='bbox 430 2278 499 2327; x_wconf 85' lang='lat' dir='ltr'><strong>venit,</strong></span> <span class='ocrx_word' id='word_1_343' title='bbox 515 2281 538 2318; x_wconf 89' lang='lat' dir='ltr'><strong>et</strong></span> <span class='ocrx_word' id='word_1_344' title='bbox 552 2278 659 2320; x_wconf 85' lang='lat' dir='ltr'><strong>adversus</strong></span> <span class='ocrx_word' id='word_1_345' title='bbox 671 2277 788 2320; x_wconf 76' lang='lat' dir='ltr'><strong>factionem</strong></span> <span class='ocrx_word' id='word_1_346' title='bbox 801 2277 895 2331; x_wconf 88' lang='lat' dir='ltr'><strong>Sulpicii</strong></span> <span class='ocrx_word' id='word_1_347' title='bbox 908 2280 931 2316; x_wconf 88' lang='lat' dir='ltr'><strong>et</strong></span> <span class='ocrx_word' id='word_1_348' title='bbox 943 2275 1007 2316; x_wconf 89' lang='lat' dir='ltr'><strong>Marii</strong></span> <span class='ocrx_word' id='word_1_349' title='bbox 1020 2275 1041 2315; x_wconf 91' lang='lat' dir='ltr'><strong>in</strong></span> <span class='ocrx_word' id='word_1_350' title='bbox 1055 2275 1104 2325; x_wconf 89' lang='lat' dir='ltr'><strong>ipsa</strong></span> 
     </span>
     <span class='ocr_line' id='line_1_38' title="bbox 126 2331 1104 2384; baseline -0.003 -13"><span class='ocrx_word' id='word_1_351' title='bbox 126 2331 300 2382; x_wconf 86' lang='lat' dir='ltr'><strong>urbepugnavit‚</strong></span> <span class='ocrx_word' id='word_1_352' title='bbox 317 2343 408 2384; x_wconf 88' lang='lat' dir='ltr'><strong>eamque</strong></span> <span class='ocrx_word' id='word_1_353' title='bbox 421 2331 521 2383; x_wconf 70' lang='lat' dir='ltr'><strong>expolita</strong></span> <span class='ocrx_word' id='word_1_354' title='bbox 535 2343 564 2372; x_wconf 81' lang='lat' dir='ltr'><strong>ex</strong></span> <span class='ocrx_word' id='word_1_355' title='bbox 577 2342 620 2383; x_wconf 83' lang='lat' dir='ltr'><strong>qua</strong></span> <span class='ocrx_word' id='word_1_356' title='bbox 633 2331 748 2372; x_wconf 86' lang='lat' dir='ltr'><strong>duodecim</strong></span> <span class='ocrx_word' id='word_1_357' title='bbox 761 2345 774 2373; x_wconf 90' lang='lat' dir='ltr'><strong>a</strong></span> <span class='ocrx_word' id='word_1_358' title='bbox 786 2335 864 2375; x_wconf 86' lang='lat' dir='ltr'><strong>senatu</strong></span> <span class='ocrx_word' id='word_1_359' title='bbox 876 2331 962 2378; x_wconf 89' lang='lat' dir='ltr'><strong>hostes,</strong></span> <span class='ocrx_word' id='word_1_360' title='bbox 978 2331 1035 2368; x_wconf 89' lang='lat' dir='ltr'><strong>inter</strong></span> <span class='ocrx_word' id='word_1_361' title='bbox 1048 2338 1104 2379; x_wconf 88' lang='lat' dir='ltr'><strong>quos</strong></span> 
     </span>
     <span class='ocr_line' id='line_1_39' title="bbox 126 2381 1104 2439; baseline -0.01 -10"><span class='ocrx_word' id='word_1_362' title='bbox 126 2386 151 2429; x_wconf 85' lang='lat' dir='ltr'><strong>G.</strong></span> <span class='ocrx_word' id='word_1_363' title='bbox 166 2386 252 2427; x_wconf 90' lang='lat' dir='ltr'><strong>Marius</strong></span> <span class='ocrx_word' id='word_1_364' title='bbox 265 2387 329 2436; x_wconf 84' lang='lat' dir='ltr'><strong>pater</strong></span> <span class='ocrx_word' id='word_1_365' title='bbox 343 2388 365 2426; x_wconf 93' lang='lat' dir='ltr'><strong>et</strong></span> <span class='ocrx_word' id='word_1_366' title='bbox 380 2385 451 2435; x_wconf 87' lang='lat' dir='ltr'><strong>tilius,</strong></span> <span class='ocrx_word' id='word_1_367' title='bbox 470 2385 561 2426; x_wconf 89' lang='lat' dir='ltr'><strong>iudicati</strong></span> <span class='ocrx_word' id='word_1_368' title='bbox 580 2388 639 2428; x_wconf 87' lang='lat' dir='ltr'><strong>sunt.</strong></span> <span class='ocrx_word' id='word_1_369' title='bbox 658 2386 685 2427; x_wconf 90' lang='lat' dir='ltr'><strong>P.</strong></span> <span class='ocrx_word' id='word_1_370' title='bbox 700 2385 814 2439; x_wconf 86' lang='lat' dir='ltr'><strong>Sulpicius</strong></span> <span class='ocrx_word' id='word_1_371' title='bbox 834 2397 883 2426; x_wconf 88' lang='lat' dir='ltr'><strong>cum</strong></span> <span class='ocrx_word' id='word_1_372' title='bbox 903 2387 925 2425; x_wconf 91' lang='lat' dir='ltr'><strong>in</strong></span> <span class='ocrx_word' id='word_1_373' title='bbox 941 2381 1035 2434; x_wconf 85' lang='lat' dir='ltr'><strong>quadam</strong></span> <span class='ocrx_word' id='word_1_374' title='bbox 1049 2381 1104 2422; x_wconf 85' lang='lat' dir='ltr'><strong>viiia</strong></span> 
     </span>
     <span class='ocr_line' id='line_1_40' title="bbox 125 2438 1102 2490; baseline -0.005 -11"><span class='ocrx_word' id='word_1_375' title='bbox 125 2440 219 2490; x_wconf 89' lang='lat' dir='ltr'><strong>lateret,</strong></span> <span class='ocrx_word' id='word_1_376' title='bbox 238 2438 318 2479; x_wconf 90' lang='lat' dir='ltr'><strong>indicio</strong></span> <span class='ocrx_word' id='word_1_377' title='bbox 334 2441 394 2480; x_wconf 85' lang='lat' dir='ltr'><strong>servi</strong></span> <span class='ocrx_word' id='word_1_378' title='bbox 408 2440 443 2480; x_wconf 87' lang='lat' dir='ltr'><strong>sui</strong></span> <span class='ocrx_word' id='word_1_379' title='bbox 457 2441 568 2482; x_wconf 89' lang='lat' dir='ltr'><strong>retractus</strong></span> <span class='ocrx_word' id='word_1_380' title='bbox 587 2443 610 2481; x_wconf 90' lang='lat' dir='ltr'><strong>et</strong></span> <span class='ocrx_word' id='word_1_381' title='bbox 624 2441 710 2482; x_wconf 86' lang='lat' dir='ltr'><strong>occisus</strong></span> <span class='ocrx_word' id='word_1_382' title='bbox 725 2443 767 2483; x_wconf 87' lang='lat' dir='ltr'><strong>est.</strong></span> <span class='ocrx_word' id='word_1_383' title='bbox 788 2451 867 2482; x_wconf 86' lang='lat' dir='ltr'><strong>servus</strong></span> <span class='ocrx_word' id='word_1_384' title='bbox 881 2442 907 2479; x_wconf 85' lang='lat' dir='ltr'><strong>ut</strong></span> <span class='ocrx_word' id='word_1_385' title='bbox 920 2439 1039 2490; x_wconf 89' lang='lat' dir='ltr'><strong>praemium</strong></span> <span class='ocrx_word' id='word_1_386' title='bbox 1054 2445 1102 2488; x_wconf 90' lang='lat' dir='ltr'><strong>pro·</strong></span> 
     </span>
     <span class='ocr_line' id='line_1_41' title="bbox 125 2491 1104 2547; baseline -0.007 -13"><span class='ocrx_word' id='word_1_387' title='bbox 125 2494 216 2535; x_wconf 90' lang='lat' dir='ltr'><strong>missum</strong></span> <span class='ocrx_word' id='word_1_388' title='bbox 234 2493 302 2534; x_wconf 90' lang='lat' dir='ltr'><strong>indici</strong></span> <span class='ocrx_word' id='word_1_389' title='bbox 323 2493 427 2543; x_wconf 87' lang='lat' dir='ltr'><strong>haberet,</strong></span> <span class='ocrx_word' id='word_1_390' title='bbox 450 2494 610 2544; x_wconf 88' lang='lat' dir='ltr'><strong>manumissus,</strong></span> <span class='ocrx_word' id='word_1_391' title='bbox 632 2496 655 2534; x_wconf 90' lang='lat' dir='ltr'><strong>ct</strong></span> <span class='ocrx_word' id='word_1_392' title='bbox 675 2495 702 2534; x_wconf 92' lang='lat' dir='ltr'><strong>ob</strong></span> <span class='ocrx_word' id='word_1_393' title='bbox 723 2495 796 2536; x_wconf 88' lang='lat' dir='ltr'><strong>scelus</strong></span> <span class='ocrx_word' id='word_1_394' title='bbox 809 2492 895 2547; x_wconf 92' lang='lat' dir='ltr'><strong>proditi</strong></span> <span class='ocrx_word' id='word_1_395' title='bbox 909 2492 992 2532; x_wconf 92' lang='lat' dir='ltr'><strong>domini</strong></span> <span class='ocrx_word' id='word_1_396' title='bbox 1007 2491 1035 2530; x_wconf 91' lang='lat' dir='ltr'><strong>de</strong></span> <span class='ocrx_word' id='word_1_397' title='bbox 1049 2499 1104 2530; x_wconf 80' lang='lat' dir='ltr'><strong>saxo</strong></span> 
     </span>
     <span class='ocr_line' id='line_1_42' title="bbox 125 2543 1103 2612; baseline -0.007 -25"><span class='ocrx_word' id='word_1_398' title='bbox 125 2546 226 2612; x_wconf 72' lang='lat' dir='ltr'><strong>deiectus</strong></span> <span class='ocrx_word' id='word_1_399' title='bbox 246 2550 288 2589; x_wconf 88' lang='lat' dir='ltr'><strong>esi.</strong></span> <span class='ocrx_word' id='word_1_400' title='bbox 312 2547 336 2590; x_wconf 83' lang='lat' dir='ltr'><strong>C.</strong></span> <span class='ocrx_word' id='word_1_401' title='bbox 352 2547 436 2612; x_wconf 72' lang='lat' dir='ltr'><strong>illarius</strong></span> <span class='ocrx_word' id='word_1_402' title='bbox 455 2547 516 2589; x_wconf 81' lang='lat' dir='ltr'><strong>filius</strong></span> <span class='ocrx_word' id='word_1_403' title='bbox 535 2548 556 2587; x_wconf 89' lang='lat' dir='ltr'><strong>in</strong></span> <span class='ocrx_word' id='word_1_404' title='bbox 572 2548 668 2588; x_wconf 83' lang='lat' dir='ltr'><strong>Africam</strong></span> <span class='ocrx_word' id='word_1_405' title='bbox 683 2549 777 2589; x_wconf 86' lang='lat' dir='ltr'><strong>traiecit.</strong></span> <span class='ocrx_word' id='word_1_406' title='bbox 799 2549 825 2590; x_wconf 84' lang='lat' dir='ltr'><strong>C.</strong></span> <span class='ocrx_word' id='word_1_407' title='bbox 841 2546 925 2589; x_wconf 89' lang='lat' dir='ltr'><strong>Marius</strong></span> <span class='ocrx_word' id='word_1_408' title='bbox 940 2548 1004 2599; x_wconf 88' lang='lat' dir='ltr'><strong>pater</strong></span> <span class='ocrx_word' id='word_1_409' title='bbox 1018 2553 1067 2584; x_wconf 89' lang='lat' dir='ltr'><strong>cum</strong></span> <span class='ocrx_word' id='word_1_410' title='bbox 1082 2543 1103 2581; x_wconf 93' lang='lat' dir='ltr'><strong>in</strong></span> 
     </span>
     <span class='ocr_line' id='line_1_43' title="bbox 125 2599 1104 2707; baseline -0.004 -12"><span class='ocrx_word' id='word_1_411' title='bbox 125 2599 1104 2707; x_wconf 53' lang='lat' dir='ltr'><strong>MAtradititiis{isitiiAdmittitissistitis:htheiis:</strong></span> 
     </span>
     <span class='ocr_line' id='line_1_44' title="bbox 64 2704 1103 2762; baseline -0.004 -14"><span class='ocrx_word' id='word_1_412' title='bbox 64 2715 68 2722; x_wconf 89' lang='lat'>·</span> <span class='ocrx_word' id='word_1_413' title='bbox 124 2710 269 2758; x_wconf 86' lang='lat' dir='ltr'><strong>recessisset,</strong></span> <span class='ocrx_word' id='word_1_414' title='bbox 284 2710 403 2762; x_wconf 87' lang='lat' dir='ltr'><strong>impositus</strong></span> <span class='ocrx_word' id='word_1_415' title='bbox 417 2709 508 2762; x_wconf 88' lang='lat' dir='ltr'><strong>publice</strong></span> <span class='ocrx_word' id='word_1_416' title='bbox 522 2712 545 2750; x_wconf 90' lang='lat' dir='ltr'><strong>in</strong></span> <span class='ocrx_word' id='word_1_417' title='bbox 560 2712 632 2750; x_wconf 83' lang='lat' dir='ltr'><strong>navim</strong></span> <span class='ocrx_word' id='word_1_418' title='bbox 648 2709 735 2752; x_wconf 85' lang='lat' dir='ltr'><strong>delatus</strong></span> <span class='ocrx_word' id='word_1_419' title='bbox 750 2715 784 2751; x_wconf 86' lang='lat' dir='ltr'><strong>est</strong></span> <span class='ocrx_word' id='word_1_420' title='bbox 799 2711 820 2750; x_wconf 96' lang='lat' dir='ltr'><strong>in</strong></span> <span class='ocrx_word' id='word_1_421' title='bbox 836 2708 939 2750; x_wconf 83' lang='lat' dir='ltr'><strong>Airicam.</strong></span> <span class='ocrx_word' id='word_1_422' title='bbox 955 2709 979 2747; x_wconf 92' lang='lat' dir='ltr'><strong>L.</strong></span> <span class='ocrx_word' id='word_1_423' title='bbox 994 2705 1060 2747; x_wconf 91' lang='lat' dir='ltr'><strong>Sulla</strong></span> <span class='ocrx_word' id='word_1_424' title='bbox 1074 2704 1103 2744; x_wconf 90' lang='lat' dir='ltr'><strong>ci·</strong></span> 
     </span>
     <span class='ocr_line' id='line_1_45' title="bbox 125 2757 1104 2815; baseline -0.004 -13"><span class='ocrx_word' id='word_1_425' title='bbox 125 2762 203 2802; x_wconf 86' lang='lat' dir='ltr'><strong>vitatis</strong></span> <span class='ocrx_word' id='word_1_426' title='bbox 217 2765 299 2804; x_wconf 88' lang='lat' dir='ltr'><strong>statum</strong></span> <span class='ocrx_word' id='word_1_427' title='bbox 313 2762 435 2813; x_wconf 86' lang='lat' dir='ltr'><strong>ordinavit,</strong></span> <span class='ocrx_word' id='word_1_428' title='bbox 457 2762 538 2803; x_wconf 80' lang='lat' dir='ltr'><strong>exinde</strong></span> <span class='ocrx_word' id='word_1_429' title='bbox 554 2763 651 2805; x_wconf 90' lang='lat' dir='ltr'><strong>colonias</strong></span> <span class='ocrx_word' id='word_1_430' title='bbox 667 2763 765 2804; x_wconf 75' lang='lat' dir='ltr'><strong>deduxit.</strong></span> <span class='ocrx_word' id='word_1_431' title='bbox 787 2764 816 2808; x_wconf 83' lang='lat' dir='ltr'><strong>(i.</strong></span> <span class='ocrx_word' id='word_1_432' title='bbox 831 2763 950 2815; x_wconf 88' lang='lat' dir='ltr'><strong>Pompeius</strong></span> <span class='ocrx_word' id='word_1_433' title='bbox 965 2759 1054 2809; x_wconf 86' lang='lat' dir='ltr'><strong>consui,</strong></span> <span class='ocrx_word' id='word_1_434' title='bbox 1075 2757 1104 2798; x_wconf 87' lang='lat' dir='ltr'><strong>ad</strong></span> 
     </span>
     <span class='ocr_line' id='line_1_46' title="bbox 125 2813 1104 2870; baseline -0.004 -14"><span class='ocrx_word' id='word_1_435' title='bbox 125 2815 278 2868; x_wconf 80' lang='lat' dir='ltr'><strong>accipientium</strong></span> <span class='ocrx_word' id='word_1_436' title='bbox 299 2816 366 2857; x_wconf 83' lang='lat' dir='ltr'><strong>aCn.</strong></span> <span class='ocrx_word' id='word_1_437' title='bbox 381 2817 485 2869; x_wconf 90' lang='lat' dir='ltr'><strong>Pompeio</strong></span> <span class='ocrx_word' id='word_1_438' title='bbox 506 2816 639 2870; x_wconf 88' lang='lat' dir='ltr'><strong>proconsule</strong></span> <span class='ocrx_word' id='word_1_439' title='bbox 659 2819 781 2858; x_wconf 88' lang='lat' dir='ltr'><strong>exercitum</strong></span> <span class='ocrx_word' id='word_1_440' title='bbox 799 2816 926 2868; x_wconf 86' lang='lat' dir='ltr'><strong>protectus,</strong></span> <span class='ocrx_word' id='word_1_441' title='bbox 947 2813 1104 2856; x_wconf 83' lang='lat' dir='ltr'><strong>consiliosius</strong></span> 
     </span>
     <span class='ocr_line' id='line_1_47' title="bbox 124 2865 1102 2923; baseline -0.007 -13"><span class='ocrx_word' id='word_1_442' title='bbox 124 2871 213 2912; x_wconf 88' lang='lat' dir='ltr'><strong>occisus</strong></span> <span class='ocrx_word' id='word_1_443' title='bbox 225 2872 269 2912; x_wconf 86' lang='lat' dir='ltr'><strong>est.</strong></span> <span class='ocrx_word' id='word_1_444' title='bbox 283 2869 433 2920; x_wconf 85' lang='lat' dir='ltr'><strong>Mithridates,</strong></span> <span class='ocrx_word' id='word_1_445' title='bbox 449 2871 513 2911; x_wconf 88' lang='lat' dir='ltr'><strong>Ponti</strong></span> <span class='ocrx_word' id='word_1_446' title='bbox 527 2881 574 2920; x_wconf 88' lang='lat' dir='ltr'><strong>rex,</strong></span> <span class='ocrx_word' id='word_1_447' title='bbox 589 2869 694 2920; x_wconf 90' lang='lat' dir='ltr'><strong>Bithynia</strong></span> <span class='ocrx_word' id='word_1_448' title='bbox 703 2874 725 2911; x_wconf 92' lang='lat' dir='ltr'><strong>et</strong></span> <span class='ocrx_word' id='word_1_449' title='bbox 734 2867 998 2923; x_wconf 86' lang='lat' dir='ltr'><strong>Cappadociaoecupatis</strong></span> <span class='ocrx_word' id='word_1_450' title='bbox 1007 2865 1102 2917; x_wconf 90' lang='lat' dir='ltr'><strong>etpulsc</strong></span> 
     </span>
     <span class='ocr_line' id='line_1_48' title="bbox 125 2918 1104 3018; baseline -0.006 -54"><span class='ocrx_word' id='word_1_451' title='bbox 125 2923 224 3018; x_wconf 63' lang='lat' dir='ltr'><strong>pipuilipo</strong></span> <span class='ocrx_word' id='word_1_452' title='bbox 238 2923 311 2975; x_wconf 89' lang='lat' dir='ltr'><strong>legato</strong></span> <span class='ocrx_word' id='word_1_453' title='bbox 326 2923 455 2976; x_wconf 80' lang='lat' dir='ltr'><strong>Phrygiam,</strong></span> <span class='ocrx_word' id='word_1_454' title='bbox 474 2925 611 2976; x_wconf 89' lang='lat' dir='ltr'><strong>provinciam</strong></span> <span class='ocrx_word' id='word_1_455' title='bbox 629 2925 706 2976; x_wconf 87' lang='lat' dir='ltr'><strong>popuii</strong></span> <span class='ocrx_word' id='word_1_456' title='bbox 720 2924 824 2974; x_wconf 82' lang='lat' dir='ltr'><strong>Romani,</strong></span> <span class='ocrx_word' id='word_1_457' title='bbox 843 2935 891 2964; x_wconf 92' lang='lat' dir='ltr'><strong>eum</strong></span> <span class='ocrx_word' id='word_1_458' title='bbox 906 2921 989 2974; x_wconf 79' lang='lat' dir='ltr'><strong>ingenti</strong></span> <span class='ocrx_word' id='word_1_459' title='bbox 1004 2918 1104 2960; x_wconf 82' lang='lat' dir='ltr'><strong>exercitu</strong></span> 
     </span>
     <span class='ocr_line' id='line_1_49' title="bbox 134 2979 892 3018; baseline -0.003 0"><span class='ocrx_word' id='word_1_460' title='bbox 134 2981 224 3018; x_wconf 86' lang='lat' dir='ltr'><strong>nrart.</strong></span> <span class='ocrx_word' id='word_1_461' title='bbox 891 2979 892 2982; x_wconf 75' lang='grc'>’</span> 
     </span>
    </p>

    <p class='ocr_par' dir='ltr' id='par_1_6' title="bbox 124 3025 1102 3404">
     <span class='ocr_line' id='line_1_50' title="bbox 177 3025 1102 3085; baseline -0.006 -14"><span class='ocrx_word' id='word_1_462' title='bbox 177 3030 294 3072; x_wconf 90' lang='lat' dir='ltr'><strong>LXXVlii.</strong></span> <span class='ocrx_word' id='word_1_463' title='bbox 315 3029 458 3072; x_wconf 88' lang='lat' dir='ltr'><strong>Mithridates</strong></span> <span class='ocrx_word' id='word_1_464' title='bbox 473 3031 547 3073; x_wconf 86' lang='lat' dir='ltr'><strong>Asiam</strong></span> <span class='ocrx_word' id='word_1_465' title='bbox 561 3032 691 3085; x_wconf 84' lang='lat' dir='ltr'><strong>occupavit;</strong></span> <span class='ocrx_word' id='word_1_466' title='bbox 712 3031 739 3074; x_wconf 78' lang='lat' dir='ltr'><strong>Q,</strong></span> <span class='ocrx_word' id='word_1_467' title='bbox 756 3031 852 3084; x_wconf 87' lang='lat' dir='ltr'><strong>Oppium</strong></span> <span class='ocrx_word' id='word_1_468' title='bbox 867 3025 1034 3082; x_wconf 89' lang='lat' dir='ltr'><strong>proconsulem,</strong></span> <span class='ocrx_word' id='word_1_469' title='bbox 1049 3028 1102 3066; x_wconf 89' lang='lat' dir='ltr'><strong>item</strong></span> 
     </span>
     <span class='ocr_line' id='line_1_51' title="bbox 124 3081 1101 3137; baseline -0.005 -13"><span class='ocrx_word' id='word_1_470' title='bbox 124 3082 247 3135; x_wconf 90' lang='lat' dir='ltr'><strong>Aquiiiium</strong></span> <span class='ocrx_word' id='word_1_471' title='bbox 261 3085 363 3136; x_wconf 86' lang='lat' dir='ltr'><strong>legatum,</strong></span> <span class='ocrx_word' id='word_1_472' title='bbox 379 3087 400 3124; x_wconf 91' lang='lat' dir='ltr'><strong>in</strong></span> <span class='ocrx_word' id='word_1_473' title='bbox 414 3085 503 3126; x_wconf 79' lang='lat' dir='ltr'><strong>vincula</strong></span> <span class='ocrx_word' id='word_1_474' title='bbox 517 3086 624 3134; x_wconf 69' lang='lat' dir='ltr'><strong>coniecit,</strong></span> <span class='ocrx_word' id='word_1_475' title='bbox 638 3087 745 3137; x_wconf 89' lang='lat' dir='ltr'><strong>iussuque</strong></span> <span class='ocrx_word' id='word_1_476' title='bbox 762 3086 822 3133; x_wconf 91' lang='lat' dir='ltr'><strong>eius,</strong></span> <span class='ocrx_word' id='word_1_477' title='bbox 839 3083 949 3137; x_wconf 85' lang='lat' dir='ltr'><strong>quidquid</strong></span> <span class='ocrx_word' id='word_1_478' title='bbox 963 3083 1044 3122; x_wconf 90' lang='lat' dir='ltr'><strong>civium</strong></span> <span class='ocrx_word' id='word_1_479' title='bbox 1059 3081 1101 3120; x_wconf 87' lang='lat' dir='ltr'><strong>lio·</strong></span> 
     </span>
     <span class='ocr_line' id='line_1_52' title="bbox 125 3133 1102 3188; baseline -0.006 -10"><span class='ocrx_word' id='word_1_480' title='bbox 125 3147 237 3178; x_wconf 89' lang='lat' dir='ltr'><strong>manorum</strong></span> <span class='ocrx_word' id='word_1_481' title='bbox 252 3138 274 3176; x_wconf 94' lang='lat' dir='ltr'><strong>in</strong></span> <span class='ocrx_word' id='word_1_482' title='bbox 288 3140 340 3179; x_wconf 87' lang='lat' dir='ltr'><strong>Asia</strong></span> <span class='ocrx_word' id='word_1_483' title='bbox 355 3139 397 3179; x_wconf 86' lang='lat' dir='ltr'><strong>tuit</strong></span> <span class='ocrx_word' id='word_1_484' title='bbox 411 3151 455 3180; x_wconf 90' lang='lat' dir='ltr'><strong>uno</strong></span> <span class='ocrx_word' id='word_1_485' title='bbox 470 3139 506 3180; x_wconf 88' lang='lat' dir='ltr'><strong>die</strong></span> <span class='ocrx_word' id='word_1_486' title='bbox 520 3140 654 3180; x_wconf 87' lang='lat' dir='ltr'><strong>trucidatum</strong></span> <span class='ocrx_word' id='word_1_487' title='bbox 669 3143 711 3180; x_wconf 90' lang='lat' dir='ltr'><strong>est.</strong></span> <span class='ocrx_word' id='word_1_488' title='bbox 727 3139 801 3180; x_wconf 90' lang='lat' dir='ltr'><strong>urbem</strong></span> <span class='ocrx_word' id='word_1_489' title='bbox 815 3139 930 3186; x_wconf 81' lang='lat' dir='ltr'><strong>Rhodum,</strong></span> <span class='ocrx_word' id='word_1_490' title='bbox 946 3148 1002 3188; x_wconf 89' lang='lat' dir='ltr'><strong>quae</strong></span> <span class='ocrx_word' id='word_1_491' title='bbox 1017 3135 1065 3176; x_wconf 88' lang='lat' dir='ltr'><strong>sola</strong></span> <span class='ocrx_word' id='word_1_492' title='bbox 1080 3133 1102 3172; x_wconf 93' lang='lat' dir='ltr'><strong>in</strong></span> 
     </span>
     <span class='ocr_line' id='line_1_53' title="bbox 124 3189 1100 3246; baseline 0 -16"><span class='ocrx_word' id='word_1_493' title='bbox 124 3190 168 3230; x_wconf 88' lang='lat' dir='ltr'><strong>tide</strong></span> <span class='ocrx_word' id='word_1_494' title='bbox 182 3195 343 3242; x_wconf 86' lang='lat' dir='ltr'><strong>permanserat,</strong></span> <span class='ocrx_word' id='word_1_495' title='bbox 364 3194 512 3244; x_wconf 86' lang='lat' dir='ltr'><strong>oppugnavit,</strong></span> <span class='ocrx_word' id='word_1_496' title='bbox 533 3196 555 3234; x_wconf 93' lang='lat' dir='ltr'><strong>et</strong></span> <span class='ocrx_word' id='word_1_497' title='bbox 571 3193 659 3246; x_wconf 87' lang='lat' dir='ltr'><strong>aliquot</strong></span> <span class='ocrx_word' id='word_1_498' title='bbox 673 3192 767 3246; x_wconf 87' lang='lat' dir='ltr'><strong>proeliis</strong></span> <span class='ocrx_word' id='word_1_499' title='bbox 781 3193 898 3234; x_wconf 84' lang='lat' dir='ltr'><strong>navalibus</strong></span> <span class='ocrx_word' id='word_1_500' title='bbox 914 3193 985 3232; x_wconf 87' lang='lat' dir='ltr'><strong>victus</strong></span> <span class='ocrx_word' id='word_1_501' title='bbox 999 3189 1100 3230; x_wconf 79' lang='lat' dir='ltr'><strong>recessit·</strong></span> 
     </span>
     <span class='ocr_line' id='line_1_54' title="bbox 125 3241 1099 3296; baseline -0.004 -12"><span class='ocrx_word' id='word_1_502' title='bbox 125 3241 246 3285; x_wconf 75' lang='lat' dir='ltr'><strong>Archelaus</strong></span> <span class='ocrx_word' id='word_1_503' title='bbox 266 3245 390 3296; x_wconf 81' lang='lat' dir='ltr'><strong>praelectus</strong></span> <span class='ocrx_word' id='word_1_504' title='bbox 409 3247 468 3296; x_wconf 89' lang='lat' dir='ltr'><strong>regis</strong></span> <span class='ocrx_word' id='word_1_505' title='bbox 488 3247 510 3287; x_wconf 91' lang='lat' dir='ltr'><strong>in</strong></span> <span class='ocrx_word' id='word_1_506' title='bbox 525 3247 639 3288; x_wconf 85' lang='lat' dir='ltr'><strong>Graeciam</strong></span> <span class='ocrx_word' id='word_1_507' title='bbox 653 3259 702 3288; x_wconf 89' lang='lat' dir='ltr'><strong>cum</strong></span> <span class='ocrx_word' id='word_1_508' title='bbox 717 3249 817 3289; x_wconf 82' lang='lat' dir='ltr'><strong>exercitu</strong></span> <span class='ocrx_word' id='word_1_509' title='bbox 831 3248 904 3296; x_wconf 87' lang='lat' dir='ltr'><strong>venit,</strong></span> <span class='ocrx_word' id='word_1_510' title='bbox 924 3244 1023 3286; x_wconf 84' lang='lat' dir='ltr'><strong>Athenas</strong></span> <span class='ocrx_word' id='word_1_511' title='bbox 1038 3253 1099 3281; x_wconf 89' lang='lat' dir='ltr'><strong>occu-</strong></span> 
     </span>
     <span class='ocr_line' id='line_1_55' title="bbox 125 3295 1101 3354; baseline -0.005 -15"><span class='ocrx_word' id='word_1_512' title='bbox 125 3298 195 3350; x_wconf 86' lang='lat' dir='ltr'><strong>pavit.</strong></span> <span class='ocrx_word' id='word_1_513' title='bbox 217 3301 332 3351; x_wconf 87' lang='lat' dir='ltr'><strong>praeterea</strong></span> <span class='ocrx_word' id='word_1_514' title='bbox 352 3299 524 3350; x_wconf 88' lang='lat' dir='ltr'><strong>trepidationem</strong></span> <span class='ocrx_word' id='word_1_515' title='bbox 544 3302 629 3342; x_wconf 90' lang='lat' dir='ltr'><strong>urbium</strong></span> <span class='ocrx_word' id='word_1_516' title='bbox 643 3301 822 3354; x_wconf 86' lang='lat' dir='ltr'><strong>insularumque,</strong></span> <span class='ocrx_word' id='word_1_517' title='bbox 842 3301 893 3341; x_wconf 88' lang='lat' dir='ltr'><strong>aliis</strong></span> <span class='ocrx_word' id='word_1_518' title='bbox 908 3298 935 3339; x_wconf 87' lang='lat' dir='ltr'><strong>ad</strong></span> <span class='ocrx_word' id='word_1_519' title='bbox 949 3295 1101 3340; x_wconf 76' lang='lat' dir='ltr'><strong>Mithridatem</strong></span> 
     </span>
     <span class='ocr_line' id='line_1_56' title="bbox 125 3350 938 3404; baseline -0.001 -12"><span class='ocrx_word' id='word_1_520' title='bbox 125 3351 174 3393; x_wconf 91' lang='lat' dir='ltr'><strong>aiiis</strong></span> <span class='ocrx_word' id='word_1_521' title='bbox 188 3350 217 3390; x_wconf 92' lang='lat' dir='ltr'><strong>ad</strong></span> <span class='ocrx_word' id='word_1_522' title='bbox 232 3352 338 3404; x_wconf 90' lang='lat' dir='ltr'><strong>populum</strong></span> <span class='ocrx_word' id='word_1_523' title='bbox 352 3352 474 3393; x_wconf 88' lang='lat' dir='ltr'><strong>Romanum</strong></span> <span class='ocrx_word' id='word_1_524' title='bbox 489 3355 592 3396; x_wconf 86' lang='lat' dir='ltr'><strong>civitates</strong></span> <span class='ocrx_word' id='word_1_525' title='bbox 606 3367 658 3397; x_wconf 88' lang='lat' dir='ltr'><strong>suas</strong></span> <span class='ocrx_word' id='word_1_526' title='bbox 672 3354 817 3403; x_wconf 87' lang='lat' dir='ltr'><strong>trahentibus,</strong></span> <span class='ocrx_word' id='word_1_527' title='bbox 834 3355 938 3394; x_wconf 83' lang='lat' dir='ltr'><strong>eontinet.</strong></span> 
     </span>
    </p>

    <p class='ocr_par' dir='ltr' id='par_1_7' title="bbox 123 3402 1101 3568">
     <span class='ocr_line' id='line_1_57' title="bbox 177 3402 1101 3460; baseline 0.008 -16"><span class='ocrx_word' id='word_1_528' title='bbox 177 3405 275 3448; x_wconf 82' lang='lat' dir='ltr'><strong>LXXIX.</strong></span> <span class='ocrx_word' id='word_1_529' title='bbox 295 3406 320 3446; x_wconf 94' lang='lat' dir='ltr'><strong>L.</strong></span> <span class='ocrx_word' id='word_1_530' title='bbox 337 3405 453 3448; x_wconf 83' lang='lat' dir='ltr'><strong>Cornelius</strong></span> <span class='ocrx_word' id='word_1_531' title='bbox 469 3407 539 3448; x_wconf 86' lang='lat' dir='ltr'><strong>Cinna</strong></span> <span class='ocrx_word' id='word_1_532' title='bbox 554 3419 602 3449; x_wconf 91' lang='lat' dir='ltr'><strong>cum</strong></span> <span class='ocrx_word' id='word_1_533' title='bbox 618 3409 755 3460; x_wconf 88' lang='lat' dir='ltr'><strong>perniciosas</strong></span> <span class='ocrx_word' id='word_1_534' title='bbox 770 3409 832 3460; x_wconf 88' lang='lat' dir='ltr'><strong>leges</strong></span> <span class='ocrx_word' id='word_1_535' title='bbox 845 3418 885 3460; x_wconf 90' lang='lat' dir='ltr'><strong>per</strong></span> <span class='ocrx_word' id='word_1_536' title='bbox 900 3406 944 3446; x_wconf 91' lang='lat' dir='ltr'><strong>vim</strong></span> <span class='ocrx_word' id='word_1_537' title='bbox 958 3404 1038 3451; x_wconf 76' lang='lat' dir='ltr'><strong>terret,</strong></span> <span class='ocrx_word' id='word_1_538' title='bbox 1053 3402 1101 3454; x_wconf 89' lang='lat' dir='ltr'><strong>pui-</strong></span> 
     </span>
     <span class='ocr_line' id='line_1_58' title="bbox 125 3457 1099 3514; baseline -0.005 -14"><span class='ocrx_word' id='word_1_539' title='bbox 125 3469 164 3500; x_wconf 90' lang='lat' dir='ltr'><strong>sus</strong></span> <span class='ocrx_word' id='word_1_540' title='bbox 179 3459 232 3498; x_wconf 88' lang='lat' dir='ltr'><strong>urhe</strong></span> <span class='ocrx_word' id='word_1_541' title='bbox 246 3471 259 3499; x_wconf 93' lang='lat' dir='ltr'><strong>a</strong></span> <span class='ocrx_word' id='word_1_542' title='bbox 274 3458 313 3500; x_wconf 85' lang='lat' dir='ltr'><strong>Cn.</strong></span> <span class='ocrx_word' id='word_1_543' title='bbox 329 3460 424 3500; x_wconf 86' lang='lat' dir='ltr'><strong>Octavio</strong></span> <span class='ocrx_word' id='word_1_544' title='bbox 440 3459 527 3512; x_wconf 84' lang='lat' dir='ltr'><strong>collega</strong></span> <span class='ocrx_word' id='word_1_545' title='bbox 541 3473 590 3502; x_wconf 88' lang='lat' dir='ltr'><strong>euru</strong></span> <span class='ocrx_word' id='word_1_546' title='bbox 604 3474 645 3504; x_wconf 84' lang='lat' dir='ltr'><strong>sex</strong></span> <span class='ocrx_word' id='word_1_547' title='bbox 663 3462 756 3504; x_wconf 90' lang='lat' dir='ltr'><strong>tribunis</strong></span> <span class='ocrx_word' id='word_1_548' title='bbox 771 3461 858 3514; x_wconf 69' lang='lat' dir='ltr'><strong>piebis,</strong></span> <span class='ocrx_word' id='word_1_549' title='bbox 878 3460 1015 3512; x_wconf 86' lang='lat' dir='ltr'><strong>imperioque</strong></span> <span class='ocrx_word' id='word_1_550' title='bbox 1030 3457 1051 3496; x_wconf 93' lang='lat' dir='ltr'><strong>el</strong></span> <span class='ocrx_word' id='word_1_551' title='bbox 1065 3457 1099 3496; x_wconf 87' lang='lat' dir='ltr'><strong>ab·</strong></span> 
     </span>
     <span class='ocr_line' id='line_1_59' title="bbox 123 3508 1096 3568; baseline -0.002 -17"><span class='ocrx_word' id='word_1_552' title='bbox 123 3515 208 3564; x_wconf 87' lang='lat' dir='ltr'><strong>rogato,</strong></span> <span class='ocrx_word' id='word_1_553' title='bbox 225 3516 351 3566; x_wconf 89' lang='lat' dir='ltr'><strong>corruptum</strong></span> <span class='ocrx_word' id='word_1_554' title='bbox 365 3515 407 3566; x_wconf 88' lang='lat' dir='ltr'><strong>Ap.</strong></span> <span class='ocrx_word' id='word_1_555' title='bbox 422 3513 509 3556; x_wconf 82' lang='lat' dir='ltr'><strong>Claudii</strong></span> <span class='ocrx_word' id='word_1_556' title='bbox 524 3517 645 3557; x_wconf 86' lang='lat' dir='ltr'><strong>exercitum</strong></span> <span class='ocrx_word' id='word_1_557' title='bbox 660 3517 681 3556; x_wconf 93' lang='lat' dir='ltr'><strong>in</strong></span> <span class='ocrx_word' id='word_1_558' title='bbox 697 3518 832 3568; x_wconf 90' lang='lat' dir='ltr'><strong>potestatem</strong></span> <span class='ocrx_word' id='word_1_559' title='bbox 846 3525 907 3556; x_wconf 86' lang='lat' dir='ltr'><strong>suam</strong></span> <span class='ocrx_word' id='word_1_560' title='bbox 922 3513 1006 3564; x_wconf 84' lang='lat' dir='ltr'><strong>redegit</strong></span> <span class='ocrx_word' id='word_1_561' title='bbox 1021 3513 1044 3552; x_wconf 85' lang='lat' dir='ltr'><strong>ct</strong></span> <span class='ocrx_word' id='word_1_562' title='bbox 1057 3508 1096 3550; x_wconf 91' lang='lat' dir='ltr'><strong>bel</strong></span> 
     </span>
    </p>
   </div>
   <div class='ocr_carea' id='block_1_3' title="bbox 0 0 1290 3952">
    <p class='ocr_par' dir='ltr' id='par_1_8' title="bbox 0 0 1290 3952">
     <span class='ocr_line' id='line_1_60' title="bbox 0 0 1290 3952; baseline 0 0"><span class='ocrx_word' id='word_1_563' title='bbox 0 0 1290 3952; x_wconf 95' lang='lat' dir='ltr'><strong> </strong></span> 
     </span>
    </p>
   </div>
  </div>
 </body>
</html>
