2598 3956
180 193 242 262 tte
362 195 476 256 llBllR
489 195 577 256 lllll.
600 194 682 254 cnP.
697 201 762 256 aa
784 194 982 276 [aueum]

180 349 336 422 licaretur,
361 354 391 409 et
404 344 635 424 utsuppttoatio
656 347 805 425 prodigiis
820 348 981 425 expiandis
996 349 1099 412 dareta
1119 353 1164 414 al·

181 441 254 506 tara,
271 443 351 508 quae
361 429 464 507 priore
475 444 556 490 anno
569 429 751 492 valetudinis
762 431 869 508 populi
880 447 976 494 eausa
986 440 1059 496 vota
1070 440 1163 496 esset.

180 531 217 577 ea
232 515 275 576 uti
289 513 445 590 feriaeque
456 520 571 575 essent
593 512 697 591 itaque
709 512 913 578 sacrificatum
925 521 982 592 est,
995 524 1030 579 ut
1040 517 1162 579 decem·

180 595 238 661 viri
253 597 400 674 seriptum
414 595 585 658 ediderunt.

267 680 318 741 111.
339 679 456 742 Eodem
476 695 558 742 anno
578 677 666 742 aedis
679 679 805 743 lunonis
818 681 962 744 Laciniae
976 683 1104 746 detecta.
1128 685 1162 760 0.

178 764 305 828 l'nlvius
318 761 449 826 Flaccus
464 777 576 827 censor
590 762 699 826 aedem
712 764 865 827 Fortunae
879 765 1048 843 equestris,
1069 783 1162 844 quana

179 850 210 910 in
231 847 381 922 Hispania
406 855 529 922 praetor
551 847 633 912 bello
658 847 837 912 Celtiberico
861 856 1004 924 voverat,
1030 851 1162 914 iaciebat
1285 893 1286 910 ι

180 931 272 993 enixo
285 930 403 1005 studio,
415 946 455 992 ne
468 930 563 993 ulum
576 931 694 993 Romae
707 931 839 1008 amplius
850 939 903 994 aut
912 929 1159 1009 magnificentius

180 1016 327 1091 templum
339 1020 434 1076 esset.
469 1027 613 1089 magnum
627 1023 839 1079 ornamentum
850 1015 879 1078 ei
890 1017 1002 1092 templo
1017 1014 1059 1079 ita
1073 1024 1159 1082 ratus

180 1097 385 1171 adiecturum,
408 1098 435 1158 si
456 1097 578 1173 tegulae
599 1113 790 1162 marmoreae
809 1107 930 1175 esseut,
952 1101 1111 1176 proiectus
1127 1100 1159 1162 in
1286 1077 1287 1118 l

177 1181 313 1246 Bruttios
334 1182 443 1243 aedem
456 1179 581 1243 lunonis
595 1178 738 1242 Laciniae
752 1180 792 1242 ad
805 1187 925 1257 partem
937 1179 1092 1242 dimidiam
1107 1180 1160 1242 de-

177 1266 265 1343 repit,
287 1266 319 1327 id
333 1263 410 1327 satia
424 1265 491 1326 lora
505 1272 593 1328 ratus
605 1264 646 1328 ad
658 1265 824 1341 tegendum
839 1263 923 1341 quod
937 1262 1161 1328 aedificaretur.

179 1365 275 1411 naves
296 1356 423 1426 paratae
442 1350 578 1426 luerunt,
599 1362 680 1426 qaae
700 1349 841 1410 tollerent
860 1355 953 1425 atquc
967 1353 1161 1425 asportarent
1287 1361 1288 1380 ³

178 1433 357 1497 auctoritate
372 1433 513 1496 censoria
527 1433 622 1496 seclis
636 1432 788 1493 deterritIs
801 1432 834 1493 id
848 1430 1041 1508 sacrilegium
1055 1430 1159 1507 prohi-
1287 1503 1288 1506 Ἴ

178 1518 262 1579 bare.
285 1523 449 1593 postquam
466 1531 578 1580 censor
590 1514 695 1592 rediit,
708 1517 830 1592 tagulae
844 1515 1005 1592 expositae
1020 1515 1061 1576 dc
1073 1513 1159 1576 navi·

177 1600 236 1661 bus
251 1599 291 1661 ad
304 1601 449 1675 templum
461 1600 669 1676 portabantur.
702 1613 889 1676 quamquam
902 1599 985 1662 unde
998 1605 1103 1660 essent
1116 1599 1159 1660 si-

177 1683 310 1757 lebatur,
331 1698 394 1745 non
415 1691 515 1745 mmen
535 1683 628 1745 celari
647 1683 753 1759 potuit.
784 1683 920 1746 nemitos
940 1679 1114 1758 cautritur
1127 1679 1159 1742 in
1288 1693 1289 1696 ’

177 1767 263 1828 cuna
277 1773 364 1828 omns
374 1774 437 1829 esta
458 1781 498 1827 cx
511 1767 651 1830 omnibus
663 1765 802 1843 partibus
810 1767 1030 1843 postulabatur,
1042 1773 1075 1828 ut
1085 1779 1158 1827 con-

178 1853 262 1912 sules
281 1865 351 1912 eam
372 1865 437 1912 rem
459 1851 499 1911 ad
515 1856 654 1914 senatum
668 1851 826 1911 releuant.
855 1859 977 1914 utrem
992 1849 1159 1912 arcessitus
1288 1861 1289 1872 ¹

178 1935 207 1994 in
224 1933 338 1996 curiam
352 1949 465 1998 censor
475 1935 567 2010 venit,
581 1935 675 1996 mrdto
686 1932 827 1996 infestius
839 1935 950 2010 singuli
961 1933 1159 2009 universique

179 2025 371 2094 praesentem
397 2020 548 2080 lacerarer
579 2019 724 2094 templum
748 2017 999 2095 augustissimum
1023 2016 1159 2092 regionis

177 2101 254 2174 eius,
271 2100 354 2178 quod
368 2116 430 2163 non
442 2099 590 2182 Pyrrhus,
604 2117 666 2164 non
681 2100 832 2164 Hannibal
845 2102 1029 2175 violassent,
1044 2101 1160 2162 violare

177 2199 284 2261 parum
298 2185 460 2262 habuisse,
476 2187 535 2248 nisi
550 2187 720 2248 detexisset
732 2187 824 2248 toede
838 2201 875 2248 ae
888 2195 988 2263 prope
1003 2185 1159 2248 diruisset.

178 2269 346 2331 detractum
367 2271 487 2332 culmen
501 2271 631 2347 templo,
652 2271 799 2333 nudatrun
812 2277 923 2333 mum
940 2276 1044 2347 patere
1057 2269 1159 2330 imbri·

177 2352 235 2413 bus
251 2351 523 2430 puuetaeiendum.
544 2360 575 2415 et
588 2368 749 2415 censorem
763 2353 901 2416 moribus
914 2353 1058 2428 regendis
1073 2367 1152 2414 crea·

177 2443 248 2507 tum,
266 2436 315 2496 cui
331 2444 413 2497 sarta
426 2443 506 2499 tecta
521 2437 645 2513 exigere
659 2437 759 2499 sacris
774 2436 902 2514 publicis
917 2444 948 2498 et
961 2437 1031 2496 loca
1043 2436 1158 2498 tuenda

176 2533 262 2579 more
281 2519 430 2580 maiorum
450 2519 590 2584 traditum
611 2530 709 2596 esset,
731 2537 801 2584 etun
820 2536 878 2598 per
894 2520 1050 2583 sociorum
1064 2518 1159 2580 urbes

176 2602 344 2662 diruentem
367 2605 481 2681 templa
504 2604 732 2682 nudantemque
755 2612 835 2666 tecta
859 2602 980 2667 aedium
1001 2617 1158 2666 sacrmum

175 2684 290 2761 vagari,
308 2693 339 2748 ct
354 2686 454 2764 quod,
469 2687 497 2748 si
513 2689 544 2750 in
560 2687 687 2765 privatis
701 2688 858 2752 sociorum
871 2687 1021 2750 aedificiis
1035 2688 1158 2760 taceret,

174 2769 333 2846 indignum
346 2771 442 2832 tndem
457 2778 579 2849 posset,
601 2771 633 2833 id
647 2773 738 2850 deum
752 2769 965 2835 immortalium
978 2772 1091 2848 templa
1104 2771 1157 2832 de·

174 2854 349 2916 molientem
367 2857 485 2932 lacero,
500 2863 539 2918 et
559 2855 749 2934 obstnagere
768 2855 917 2932 religione
931 2855 1081 2932 populum
1093 2853 1155 2915 Ru

175 2952 305 3012 manum,
320 2937 417 2999 rutnts
431 2941 613 3017 templorum
630 2942 744 3018 templa
758 2938 987 3014 aedificantem,
1001 2944 1156 3014 tanquam

174 3033 236 3078 non
251 3018 343 3081 iidem
356 3021 472 3098 ubique
486 3022 529 3084 dii
542 3021 730 3086 immortales
744 3024 814 3096 siut,
834 3023 892 3085 sed
905 3022 1015 3098 spoliis
1029 3021 1158 3086 ullorum
1284 3041 1290 3068 ¹

174 3099 226 3161 alii
238 3103 360 3164 colendi
370 3104 611 3183 exornandlque.
633 3123 712 3185 cum,
723 3107 1088 3187 pnusqasmrcturem,
1105 3122 1158 3182 ap-

173 3193 297 3260 pareret
321 3185 395 3264 quid
419 3191 566 3252 sentirent
589 3199 708 3268 patres,
736 3189 886 3254 relatione
910 3190 992 3254 laeta
1013 3189 1045 3250 in
1065 3205 1156 3251 uuam

175 3283 282 3332 omnes
304 3271 484 3336 sententium
504 3275 619 3351 ierunt,
639 3284 673 3338 ut
691 3290 749 3338 eae
767 3275 888 3353 tegulae
904 3272 1111 3352 reportandas
1125 3270 1154 3333 ir.-

173 3353 319 3430 templum
334 3355 507 3420 locarentur
520 3354 750 3437 piaculariaque
760 3357 870 3422 lunoni
883 3358 1002 3422 tierent.
1023 3369 1105 3433 quae
1115 3351 1157 3416 ad

171 3438 352 3513 :elisionem
372 3442 538 3520 pertinent,
560 3458 629 3505 cum
649 3460 724 3507 eura
737 3445 833 3507 tactae
854 3444 973 3520 tegulas
987 3439 1109 3504 relictas
1124 3437 1156 3499 in
