2574 3954
312 243 426 304 trouu
441 243 529 304 xtu.
550 245 799 319 caesarca.
815 245 847 306 c.
864 251 924 320 ru]
1012 245 1094 336 ⁸titt

112 397 203 459 ribus
218 395 409 472 occisisque,
424 412 486 459 non
500 403 610 458 tereret
623 404 745 474 tempus
759 399 790 459 in
804 399 966 464 obsidione
980 404 1096 479 praesi-

116 479 375 554 dissecandum,
389 493 427 540 ea
439 495 564 557 quoque
575 487 718 558 temptata
729 482 910 561 utcumque,
924 499 993 547 cum
1005 488 1097 550 sciret

115 562 190 625 nihil
209 563 332 624 roboris
350 577 456 624 secam
476 577 561 638 esse,
583 565 656 625 dum
670 565 774 627 liceret
788 566 916 644 intecto,
940 567 1040 645 abiro,
1066 578 1098 632 et

114 647 185 724 ipse
204 645 340 707 hostium
358 647 522 709 adventum
548 649 647 709 elatus
668 664 818 713 successu
840 651 966 727 mansit,
992 660 1022 714 et
1043 652 1097 732 qui

115 731 301 808 phalangem
313 738 506 792 arcesserent
516 747 650 808 propere
660 731 759 802 misit;
775 741 880 810 quaet
892 737 991 797 serius
1004 753 1097 812 quam

113 829 166 877 res
182 811 358 891 postulabat
371 820 401 874 et
419 815 530 891 raptim
544 821 628 890 acte,
649 816 760 877 turheti
774 833 867 879 cursu
885 820 1036 880 adversus
1050 821 1095 880 in·

115 905 250 960 structos
270 904 301 958 et
320 905 520 974 praeparatos
535 905 621 959 erent
642 900 823 961 adventuri·
843 904 953 963 consul
972 908 1096 964 anteve·

115 982 204 1043 niens
225 983 378 1058 extemplo
401 981 551 1057 proelium
565 980 730 1046 conseruit.
760 984 858 1060 primo
872 985 1018 1049 resistere
1030 985 1095 1050 lda-

116 1064 267 1136 ccdoncs,
282 1063 402 1138 deinde,
417 1065 452 1127 ut
463 1067 545 1127 nulla
555 1081 590 1126 re
601 1081 694 1141 pares
706 1073 800 1142 erant,
816 1069 939 1130 arnissis
950 1069 1096 1132 trecentis

116 1148 285 1226 peditibus,
309 1147 416 1224 viginti
442 1155 585 1225 quattuor
605 1150 953 1228 primoribus‘oquitum
978 1168 1017 1214 ex
1037 1153 1095 1226 ala,

116 1248 208 1309 quam
223 1247 343 1294 sacram
358 1231 483 1308 vocant,
505 1232 584 1294 lnter
597 1249 676 1310 quos
689 1234 888 1296 Antimachus
903 1235 993 1302 etiam
1008 1251 1095 1311 prae-

114 1316 215 1377 lectus
234 1316 301 1376 alae
321 1315 445 1390 cecidit,
472 1314 558 1377 abire
579 1325 737 1379 conantur.
765 1324 900 1379 ceterum
919 1319 977 1377 iter
997 1334 1096 1395 propo

113 1401 184 1476 ipso
200 1398 317 1475 proelio
331 1397 549 1461 tumultuosius
559 1399 622 1461 luit.
644 1398 780 1476 phalanx
790 1401 846 1460 abs
858 1399 978 1476 trepido
990 1402 1096 1466 nando

113 1483 212 1544 accita
226 1499 295 1543 cum
308 1483 417 1560 raptim
432 1483 608 1557 duceretur,
630 1482 729 1558 primo
742 1481 774 1544 ln
794 1483 942 1559 angustiis
958 1485 1093 1559 captivo·

113 1583 180 1628 rum
196 1567 306 1643 agmini
328 1568 429 1628 oblata
445 1564 660 1642 -vehlordisqoe
681 1567 832 1628 frumento
854 1567 973 1629 onustis
987 1567 1095 1630 haesit

113 1651 223 1726 ingens
238 1649 279 1710 ibi
293 1651 415 1712 vexatio
430 1649 526 1726 partis
545 1650 708 1726 utilesque
721 1650 776 1712 luit
796 1651 880 1726 nullo
895 1657 1096 1727 exspectante

113 1741 147 1795 ut
156 1741 321 1809 utcumque
333 1734 537 1810 explicaretur
547 1749 670 1810 agmen,
686 1733 743 1794 sed
756 1734 879 1796 umetis
892 1732 1094 1796 deicientibus

116 1833 173 1894 per
188 1831 337 1894 praeceps
353 1816 569 1894 impedimenta
584 1850 622 1861 -
638 1831 740 1892 neque
760 1815 842 1878 enim
856 1815 943 1880 aliter
956 1816 1007 1878 via
1022 1833 1095 1893 ape

112 1901 166 1962 riri
179 1907 297 1977 poterat
306 1935 358 1973 -,
372 1901 530 1975 iumentis,
546 1917 615 1961 cum
626 1901 866 1973 stimularentur,
879 1897 911 1960 in
923 1900 1012 1961 turha
1026 1908 1095 1962 sne·

113 1983 275 2047 vientibus.
303 1985 357 2044 vix
377 1985 416 2044 ab
437 1981 594 2045 incondito
609 1983 730 2059 agmine
744 1983 934 2060 captivorum
948 1983 1094 2062 expedie-

111 2075 183 2129 rant
194 2081 280 2142 sese,
295 2083 365 2129 cum
375 2065 461 2143 regio
474 2067 585 2142 agmini
598 2067 812 2143 perculsisque
822 2066 974 2142 equitibus
987 2083 1094 2129 occur

111 2158 192 2214 runt.
213 2151 255 2212 ibi
269 2166 343 2224 vero
358 2152 473 2212 clamor
487 2151 653 2211 lubentium
667 2151 783 2211 referre
797 2150 886 2225 signa
895 2150 1001 2228 ruinae
1017 2167 1093 2225 quo-

113 2251 176 2314 que
186 2250 286 2312 prope
296 2234 425 2296 similem
436 2231 670 2309 trepidationem
681 2232 761 2306 lecit,
771 2240 804 2295 at
814 2233 841 2294 si
851 2233 958 2293 hostes
970 2233 1094 2294 introire

112 2318 270 2394 angustias
286 2319 355 2379 ausi
375 2317 497 2393 longius
514 2317 643 2378 insecuti
657 2323 777 2392 essent,
798 2330 908 2392 magna
923 2315 1028 2392 clades
1044 2331 1093 2376 ac·

112 2402 174 2478 cipi
195 2403 337 2479 potuerit.
364 2402 473 2464 consid
486 2407 612 2476 recepto
634 2415 674 2460 ex
694 2401 812 2462 tumulo
827 2398 998 2478 praesidio,
1020 2415 1093 2461 con-

111 2493 214 2548 tentus
226 2485 348 2547 modico
360 2501 524 2559 successu,
536 2483 566 2544 in
579 2491 680 2546 casua
692 2485 799 2560 copias
810 2482 942 2545 reduxit.
958 2490 1030 2544 sunt
1042 2482 1093 2558 qui

111 2586 151 2631 eo
167 2570 217 2632 die
231 2585 343 2645 magno
356 2570 473 2646 procllo
489 2574 655 2644 pugnaturn
670 2575 812 2629 auctores
827 2567 902 2628 sint=
923 2575 993 2629 octo
1011 2564 1094 2627 milia

111 2653 247 2716 hostium
262 2669 368 2728 caesa,
383 2652 413 2713 ia
428 2652 476 2712 his
493 2650 656 2728 Sopatrum
671 2659 702 2713 et
714 2650 908 2727 Antipatrum
921 2650 1026 2726 regios
1038 2649 1093 2711 du·
1128 2727 1132 2730 ,

113 2753 183 2810 ces,
203 2736 292 2798 vivos
316 2742 424 2812 captos
448 2734 568 2796 circiter
587 2736 648 2797 duo
672 2735 755 2794 milia
774 2734 980 2809 octingentos,
1006 2733 1096 2807 signa

112 2817 253 2882 militaria
267 2825 358 2896 capta
369 2819 474 2896 viginti
495 2825 621 2893 septem.
650 2833 709 2878 nec
729 2816 917 2879 incruentam
935 2815 1093 2900 victoriam

115 2903 228 2965 luisset
246 2919 341 2980 supra
355 2911 499 2981 quattuor
511 2901 594 2963 milia
607 2906 638 2962 et
651 2906 805 2962 trecentos
817 2899 857 2960 de
873 2898 1009 2962 exercitu
1022 2913 1093 2976 con,-⁴

115 2987 191 3049 sulis
206 2987 372 3061 cecidisse,
391 2987 480 3062 signa
493 2984 636 3047 sinistrae
651 2986 719 3046 alae
734 2985 871 3060 quinque
885 2980 1008 3044 amissa.

198 3071 315 3132 LXVII.
336 3070 394 3131 Hie
405 3071 473 3132 dics
488 3077 519 3131 et
527 3068 673 3131 Romanis
687 3067 796 3130 reiecit
808 3067 925 3129 animos
941 3072 972 3127 et
981 3064 1094 3125 Persea

115 3155 258 3230 perculit,
275 3160 309 3215 ut
323 3153 390 3215 dies
404 3169 521 3232 paucos
533 3153 574 3214 ad
582 3152 757 3229 Mopselum
768 3158 904 3212 moratus
920 3151 1095 3225 sepulturae

114 3238 246 3298 maxime
260 3237 387 3300 militum
407 3238 589 3299 amissomm
611 3253 699 3310 cura,
721 3234 875 3311 praesidio
897 3233 972 3294 satis
991 3231 1094 3290 valido

115 3322 154 3383 ad
167 3321 306 3384 Geram
316 3321 423 3382 relicto
435 3320 465 3382 in
473 3320 685 3382 Macedoniam
696 3318 848 3395 reciperet
858 3316 974 3392 copies.
996 3315 1095 3374 Timo-

114 3405 217 3469 theum
233 3405 387 3481 quendam
397 3421 437 3466 ex
450 3404 543 3480 regiis
556 3401 721 3479 praelectis
733 3418 802 3464 cum
812 3400 935 3462 modica
945 3413 1037 3457 manu
1047 3409 1096 3454 re·
1129 3454 1131 3458 ,

118 3487 224 3564 linquit
245 3487 285 3549 ad
298 3488 429 3571 Philam,
452 3488 569 3548 iussum
586 3487 746 3562 Magnetes
767 3501 806 3546 ex
827 3482 1000 3559 propinquo
1022 3485 1096 3538 tem-
