2574 3954
306 195 419 258 nisse
433 195 534 256 xmn.
558 195 641 257 cnr.
656 207 682 259 1.
704 199 739 278 p.
752 203 784 258 c.
797 199 860 276 171]
1012 195 1074 263 res

415 449 560 552 ''ll'll
601 451 738 554 litt

373 621 427 684 ΑΒ
448 620 565 686 URBE
585 613 790 690 CONDITA

463 755 574 818 tituli
593 756 697 819 xtffl.

109 1017 263 1071 uersutis.
289 1019 421 1072 Praetores
435 1020 546 1084 eliquat,
561 1023 673 1086 eoquod
687 1021 823 1073 erudelitas
839 1030 864 1071 et
879 1035 955 1074 avare
968 1021 1073 1089 provin·

144 1101 199 1140 erae
210 1086 445 1150 administrassent,
460 1090 573 1142 emirati
582 1099 651 1142 snut.
681 1091 709 1140 P.
722 1091 835 1142 Licinius
846 1089 954 1142 creseus
962 1103 1072 1158 probor·

144 1156 184 1207 sul
194 1155 340 1222 sumpluses
351 1159 378 1208 in
390 1156 496 1210 Greeele
507 1160 582 1210 urbes
595 1160 751 1226 expugnavit
768 1167 793 1210 et
804 1159 939 1211 errrdeliter
950 1159 1071 1228 diripuitz

144 1228 176 1278 ub
189 1224 218 1276 id
229 1226 340 1292 captivi,
362 1225 406 1291 qui
418 1228 450 1278 ab
462 1243 494 1278 eo
509 1230 559 1280 sub
576 1243 669 1280 eoroue
681 1229 824 1292 verterant,
843 1243 877 1278 ex
893 1236 996 1280 senatus
1008 1241 1072 1280 eou-

142 1293 209 1345 sulto
220 1302 311 1360 postes
319 1295 429 1346 restituti
440 1305 507 1348 suut.
522 1298 583 1350 item
595 1312 611 1348 e
621 1297 757 1363 praelectis
770 1295 889 1348 classium
899 1297 1070 1348 Romanarum

141 1361 221 1413 multu
231 1363 382 1429 impotenter
399 1366 426 1415 iu
443 1365 529 1416 sosias
541 1364 616 1416 laete.
641 1379 682 1416 res
693 1373 826 1432 praeterea
843 1368 1032 1432 sl’erseorepe
1043 1367 1072 1416 in

141 1430 378 1498 lbmuieprospere
390 1440 476 1500 gestes
488 1435 608 1496 conaret,
620 1433 697 1486 vietis
704 1432 829 1487 Dardanis
841 1442 866 1484 et
875 1433 985 1501 Illyrica,
997 1433 1073 1484 ouius

142 1508 248 1552 rexerat
260 1499 376 1554 beritius.
395 1511 494 1562 motus,
509 1504 555 1566 qni
573 1504 599 1553 in
611 1503 735 1568 litspenta
747 1505 779 1554 ab
791 1501 894 1554 Oleniae
907 1503 1072 1563 subtererat,

142 1572 199 1636 ipso
212 1571 361 1637 interempto
372 1571 497 1622 consedit.
515 1573 550 1627 Μ.
559 1572 682 1622 Aemilius
691 1573 804 1638 Lepidus
818 1587 832 1622 a
843 1573 990 1624 censoribus
1000 1571 1072 1637 prlu·

140 1654 201 1706 eeps
211 1639 237 1688 in
249 1648 337 1690 senatu
349 1639 438 1690 leetus.

173 1777 196 1835 l.
223 1774 341 1836 Eadem
360 1781 491 1850 aestate,
522 1791 583 1851 qua
597 1774 1072 1850 initressatietaerpestomoq

93 1860 125 1933 Q.
141 1859 260 1921 Murius
273 1860 391 1934 legatus
404 1859 436 1918 in
446 1858 601 1938 illyricum
613 1873 632 1920 a
642 1859 769 1920 consule
780 1856 911 1930 missuS,
926 1857 1074 1934 opulenta

92 1943 151 2004 duo
169 1942 287 2019 oppida
299 1939 499 2019 oppugnavit.
521 1955 627 2020 eurum
640 1956 734 2003 unum
744 1942 774 2002 vi
789 1947 882 2018 atque
894 1939 986 2002 annis
999 1955 1069 2002 eoe-

91 2027 133 2102 git
145 2026 177 2085 in
189 2023 390 2096 deditionem
408 2027 571 2106 omniaque
585 2025 622 2086 iis
632 2041 689 2088 sue
700 2026 870 2100 concessit,
882 2031 915 2086 ut
926 2023 1073 2101 opinione

91 2109 269 2171 elementiae
283 2111 339 2171 eos
355 2109 407 2186 qui
423 2108 603 2170 Carnuntem
617 2109 760 2170 munitum
775 2105 882 2168 urbem
897 2106 1071 2169 incolebant

90 2193 245 2256 adlieeret.
268 2199 432 2270 postquam
443 2206 501 2255 nee
514 2197 548 2254 ut
561 2193 709 2253 dederent
722 2205 758 2252 se
770 2191 955 2266 compellere
969 2204 1073 2265 neque

91 2289 204 2354 capere
215 2276 389 2340 obsidendo
400 2282 529 2354 poterat,
542 2290 582 2335 ne
592 2275 713 2336 duabus
725 2273 1005 2352 oppugnationibus
1017 2287 1070 2333 ne·

92 2363 238 2439 quiquam
259 2360 402 2437 laegatus
423 2360 510 2421 miles
531 2366 630 2433 esset,
658 2375 750 2434 quarn
765 2357 850 2435 prius
863 2359 1007 2419 intactam
1020 2372 1073 2418 ur·

89 2445 160 2507 bem
174 2443 353 2520 reliquerat,
370 2443 504 2522 diripuit.

174 2529 260 2590 Alter
274 2529 383 2590 consul
399 2528 429 2589 0.
446 2528 572 2590 cassius
587 2527 817 2601 mentruatis,
838 2541 930 2602 quarn
944 2524 1072 2586 sortitus

91 2620 171 2688 erat,
192 2613 388 2674 memorabile
409 2611 575 2689 quiequam
588 2605 700 2687 gessit,
722 2619 753 2672 et
772 2625 828 2686 per
841 2609 994 2687 Illyricum
1015 2608 1073 2669 du·

91 2711 162 2758 aere
183 2695 321 2772 legiones
343 2698 372 2756 in
386 2695 600 2758 Macedoniarn
617 2706 698 2755 vano
719 2695 841 2769 incepto
863 2698 913 2753 est
931 2693 1074 2754 eonetu's.

88 2782 266 2860 ingressum
284 2779 346 2841 'boo
367 2780 424 2842 iter
444 2781 604 2840 eonsulem
623 2785 749 2838 senatus
769 2791 809 2836 ex
829 2773 1072 2850 Aquileiensium

89 2864 200 2941 legatis
215 2862 374 2940 cognovit,
397 2864 449 2939 qui
463 2869 627 2940 querentes
643 2860 794 2942 boloniam
808 2870 895 2920 suern
915 2871 1028 2919 novam
1042 2865 1073 2917 et

90 2949 241 3010 infirmam
261 2947 393 3008 necllum
412 2946 488 3008 setis
514 2945 657 3008 munitam
682 2943 760 3006 inter
783 2943 911 3004 infestas
931 2940 1074 3002 nationes

90 3033 239 3094 istrorum
255 3038 285 3093 et
300 3031 474 3110 lllyriorum
490 3043 563 3092 esse
577 3043 647 3092 eum
662 3034 817 3106 peterent,
829 3035 865 3110 ut
876 3032 1004 3087 senatus
1019 3039 1073 3087 eu·

90 3132 145 3177 ree
159 3114 301 3191 heberet,
322 3115 477 3191 quomodo
492 3129 530 3175 ea
545 3113 666 3175 colonia
680 3110 861 3184 muniretur,
887 3105 1075 3185 interrogati,

90 3199 244 3262 vellentne
259 3213 326 3260 eenr
340 3213 405 3260 rem
421 3199 452 3260 c.
468 3197 575 3260 cassio
590 3195 715 3258 'consuti
729 3193 882 3276 mandari,
902 3192 1072 3280 responde·

91 3291 162 3345 runt
182 3279 323 3346 Cassium
344 3281 515 3360 Aquileiam
535 3281 649 3343 initiato
669 3280 805 3342 exeram
825 3277 997 3355 proieetum
1019 3287 1076 3349 per

3 3433 4 3454 χ
91 3366 248 3445 Illyricum
269 3363 300 3429 in
313 3363 526 3428 Maoerlouiarn
540 3377 622 3426 esse.
649 3379 755 3426 eures
774 3362 871 3441 primo
884 3356 1073 3453 ineredibilis

92 3449 177 3528 visa,
191 3457 222 3512 et
235 3466 292 3530 pro
305 3465 343 3512 se
358 3449 492 3528 quisque
506 3447 633 3510 eredere
648 3443 755 3508 Cernis
773 3445 900 3508 forsitan
922 3449 974 3504 aut
986 3441 1075 3501 lstrrs
