2592 3964
332 219 447 281 LIBER
458 220 589 282 XXXIX.
613 221 695 282 CAP.
706 230 749 286 37.
772 229 809 296 [a.
822 229 854 281 C.
868 229 929 296 184]
1065 225 1120 298 ,35

136 379 198 446 net,
213 386 271 445 ego
288 371 428 446 antiquas
439 369 689 431 Lacedaemoniis
704 372 788 446 leges
804 377 953 450 tyrannos
969 374 1121 436 ademisse

134 453 284 524 arbitron
305 469 363 513 nos
378 468 440 513 non
456 469 530 514 suas
545 454 707 526 ademisse,
725 471 802 530 quas
814 473 875 516 non
886 456 1048 532 habebant,
1064 461 1121 520 sed

133 543 260 598 nostras
274 539 360 612 leges
375 537 516 606 dedisse;
540 552 598 599 nec
612 539 691 598 male
706 540 898 614 consuluisse
913 540 1035 616 civitati,
1052 558 1120 603 eum

134 618 258 681 concilii
285 620 380 680 nostri
402 635 469 680 eam
490 620 652 682 fecerimus
677 627 707 681 et
726 622 815 684 nobis
838 624 1062 699 miscuerimus,
1088 633 1121 686 ιιι

134 719 251 779 eorpus
266 720 358 764 unum
374 713 404 764 et
419 702 580 768 concilium
595 705 686 766 totius
700 705 905 781 Peloponnesi
920 717 1012 768 esset.
1038 715 1119 786 tuno,

132 794 167 849 ut
182 788 301 863 opinor,
316 789 342 847 si
358 786 425 847 aliis
440 787 499 863 ipsi
514 785 633 863 legibus
647 789 836 864 viveremus,
852 789 927 850 alias
941 789 1009 852 istis
1023 793 1120 852 iniun-

133 871 306 944 xissemns,
330 871 416 946 queri
434 887 469 930 se
483 869 590 946 iniquo
607 871 672 932 iure
686 875 803 934 esseet
816 872 965 948 indignari
980 883 1118 948 possent.

133 953 202 1015 scio
224 970 297 1030 ego,
319 958 378 1030 Ap.
400 952 522 1029 claudi,
542 952 622 1015 hano
642 955 825 1030 orationem,
848 973 909 1032 qua
929 972 997 1036 sum
1019 956 1119 1020 adhue

133 1055 228 1111 usus,
249 1053 350 1112 neque
369 1037 525 1098 sociorum
545 1037 629 1111 apud
648 1039 754 1100 socios
774 1055 876 1116 neque
891 1039 1006 1100 liberae
1020 1041 1118 1115 gentis

132 1138 222 1195 esse,
249 1122 306 1182 sed
326 1137 399 1182 vere
424 1134 584 1181 servorum
606 1120 945 1197 disceptantium'apud
966 1122 1117 1186 dominos.

132 1221 205 1265 nam
220 1205 247 1266 si
262 1219 323 1264 non
337 1219 416 1264 vana
430 1204 481 1264 illa
495 1219 557 1265 vox
570 1205 735 1280 praeconis
750 1207 819 1280 luit,
841 1223 903 1282 qua
916 1207 1030 1268 liberos
1046 1223 1118 1269 esse

132 1288 268 1350 omnium
283 1289 400 1363 primos
413 1287 559 1348 Achaeos
574 1286 723 1362 iussistis,
740 1290 767 1349 si
783 1290 893 1350 loedus
907 1297 1006 1350 ratum
1020 1300 1075 1364 est,
1091 1293 1116 1352 si

133 1372 267 1432 societas
290 1378 321 1431 et
340 1371 470 1430 amicitia
492 1385 652 1447 exaequo
674 1371 868 1446 observatur,
891 1387 945 1432 eur
963 1389 1021 1446 ego
1044 1373 1118 1449 quid

133 1455 240 1531 Capua
261 1461 351 1529 capta
371 1453 504 1514 feceritis
518 1454 647 1514 Romani
667 1469 728 1514 non
744 1471 874 1530 quaero,
896 1471 954 1516 vos
969 1456 1116 1518 rationem

133 1537 296 1614 reposcitis
319 1535 394 1612 quid
409 1535 526 1597 Achaei
540 1536 793 1600 Lacedaemoniis
809 1539 888 1599 bello
905 1537 993 1600 victis
1008 1540 1115 1601 leceri-

133 1629 224 1682 must
245 1620 393 1683 interlecti
408 1621 500 1696 aliqui
516 1629 604 1694 sunt,
619 1621 702 1696 fingo
717 1621 855 1684 anobis:
877 1623 973 1698 quidt
995 1638 1051 1684 vos
1067 1640 1115 1684 se·

132 1712 256 1766 natones
274 1704 447 1779 campanos
469 1705 570 1767 securi
586 1720 647 1766 non
662 1705 882 1780 percussistis?
902 1723 1007 1767 muros
1023 1707 1114 1770 dirui·

131 1805 218 1848 muse
232 1804 363 1866 vospon
374 1800 479 1848 muros
490 1795 605 1848 tantum
616 1790 673 1850 sed
685 1788 791 1849 urbem
803 1797 833 1848 et
843 1804 935 1864 agros
947 1790 1114 1851 ademistis

131 1872 248 1948 specie,
263 1871 375 1946 inquis,
391 1885 522 1948 aequum
536 1879 584 1931 est
596 1873 723 1934 foedus:
745 1887 779 1931 re
794 1872 877 1948 apud
888 1871 1031 1932 Achaeos
1046 1889 1114 1948 pre·

131 1956 215 2016 caria
228 1953 363 2029 libertas,
378 1954 466 2029 apud
476 1955 633 2015 Romanos
648 1955 737 2015 etiam
754 1955 910 2031 imperium
927 1963 983 2016 est.
1005 1957 1114 2032 sentio,

130 2039 224 2115 Appi,
240 2047 271 2100 et
284 2039 311 2100 si
325 2053 387 2098 non
403 2044 533 2112 oportet,
548 2054 610 2098 non
621 2037 776 2114 indignor:
799 2039 856 2099 sed
867 2055 922 2099 oro
934 2056 1000 2111 vos,
1020 2057 1114 2116 quan·

130 2122 267 2184 tumlibet
285 2120 403 2183 intersit
422 2119 500 2181 inter
511 2122 667 2183 Romanos
688 2130 719 2182 et
732 2122 891 2194 Achaeos,
911 2122 1004 2184 modo
1026 2139 1064 2183 ne
1084 2124 1114 2182 in

131 2221 233 2281 aequo
251 2205 358 2268 hostes
373 2204 466 2264 vestri
480 2201 640 2280 nostrique
656 2205 741 2279 apud
756 2221 814 2264 vos
831 2205 891 2266 sint
905 2220 941 2265 ac
955 2223 1013 2266 nos
1028 2207 1113 2279 socii,

130 2290 223 2350 immo
243 2305 282 2349 ne
301 2285 427 2348 meliore
446 2286 512 2348 iure
533 2287 601 2348 sint.
636 2303 705 2347 nam
726 2294 760 2348 ut
776 2285 806 2347 in
823 2303 923 2364 aequo
939 2296 1043 2348 essent
1055 2303 1113 2348 nos

131 2371 277 2445 lecimus,
299 2387 367 2432 cum
388 2372 474 2445 leges
489 2371 527 2430 iis
542 2377 664 2431 nostras
680 2371 836 2448 dedimus,
859 2387 927 2432 oum
942 2379 975 2430 ut
988 2371 1113 2432 Achaioi

131 2453 251 2517 concilii
269 2462 375 2516 essent
389 2454 556 2514 effecimus.
583 2469 693 2529 parum
707 2459 755 2514 est
769 2454 871 2528 viotiS,
892 2455 976 2530 quod
991 2455 1112 2515 victori-

130 2541 188 2600 bus
210 2539 285 2599 satis
306 2545 368 2608 est;
393 2539 461 2612 plus
481 2539 638 2613 postulant
656 2535 763 2599 hostes
786 2554 877 2613 quam
898 2537 975 2600 socii
990 2537 1112 2600 habent.

131 2629 212 2698 quae
232 2620 444 2695 iureiurando,
460 2636 540 2695 quae
559 2621 762 2683 monumentis
784 2621 949 2681 litterarum
965 2620 997 2680 in
1011 2622 1113 2696 lapide

130 2705 291 2780 insculptis
312 2705 342 2764 in
367 2711 519 2764 aeternam
545 2705 720 2764 memoriam
746 2709 851 2764 sancta
876 2709 967 2778 atque
993 2712 1121 2764 saerata·

130 2796 210 2862 sunt,
225 2803 263 2848 ea
277 2804 344 2850 oum
361 2787 493 2862 periurio
510 2795 615 2848 nostro
630 2790 737 2850 tollere
751 2794 868 2863 parant.
891 2801 1031 2847 veremur
1046 2787 1110 2862 qui»

130 2873 199 2932 dem
212 2888 281 2946 vos,
296 2869 434 2945 Romani,
450 2877 481 2932 et
492 2871 518 2932 si
529 2871 571 2932 ita
581 2871 683 2946 vultiS,
698 2872 788 2932 etiam
798 2871 952 2931 timemus:
973 2871 1029 2930 sed
1040 2872 1110 2945 plus

130 2962 159 3015 et
178 2971 317 3016 veremur
336 2961 367 3014 et
386 2954 526 3014 timemus
547 2955 624 3015 deos
642 2955 857 3016 immortales.“
893 2968 961 3014 cunr
977 2954 1112 3014 adsensu

129 3039 279 3099 maximae
300 3039 394 3114 partis
417 3045 464 3099 est
477 3038 613 3112 auditus,
635 3045 664 3097 et
678 3039 811 3099 locutum
826 3051 932 3098 omnes
947 3055 1003 3113 pro
1019 3038 1110 3098 maie

130 3129 205 3183 state
225 3122 419 3196 magistratus
440 3121 621 3194 censebant,
643 3129 678 3182 ut
697 3121 786 3180 facile
807 3129 969 3196 appareret
983 3121 1112 3182 molliter

129 3207 247 3280 agendo
263 3205 437 3280 dignitatem
453 3213 542 3266 suam
555 3211 660 3264 tenera
672 3205 828 3264 Romanos
844 3220 904 3264 non
919 3221 1024 3278 posse.
1048 3211 1109 3264 tum

128 3289 250 3365 Appius
264 3288 396 3349 suadere
407 3304 442 3349 se
452 3303 641 3363 magnopere
652 3287 785 3348 Achaeis
797 3287 881 3361 dixit,
894 3293 937 3361 ut,
953 3289 1026 3347 dum
1036 3285 1108 3343 liee-

128 3379 173 3432 ret
188 3374 343 3434 voluntate
358 3387 416 3432 sua
430 3372 547 3446 lacere,
562 3371 688 3448 gratiam
702 3371 826 3444 inirent,
841 3387 880 3431 ne
893 3385 964 3430 mox
978 3367 1063 3430 inviti
1078 3373 1108 3425 et

128 3457 224 3518 eoacti
240 3459 383 3518 lacerent.
405 3457 482 3518 haee
497 3471 560 3516 vox
574 3455 678 3516 audita
693 3454 816 3530 quidem
831 3469 901 3576 cum
911 3453 1043 3514 omnium
1055 3463 1100 3524 ge

863 3544 881 3597 3
