2592 3964
184 227 204 290 6
265 224 381 287 LIBER
393 223 523 286 XXXIX.
547 224 630 284 cAP.
645 233 670 287 6.
682 232 709 289 i·
730 231 767 299 [a.
781 231 819 283 U.-
828 247 851 282 c.
863 231 924 288 565.
940 245 965 282 a.
977 231 1009 284 c.
1020 232 1083 299 187]

183 395 252 440 rere
268 395 329 438 non
344 376 456 454 potuit,
472 377 504 438 C.
517 376 681 437 Flaminius
695 377 825 438 Romam
839 376 930 437 venit.
959 374 999 434 ab
1013 391 1051 436 eo
1067 377 1161 440 creati

183 465 330 524 consules
355 459 409 536 Sp.
431 459 606 523 Postumius
630 460 760 520 Albinus
783 459 816 534 Q.
838 459 971 520 Marcius
992 457 1160 536 Philippus.

182 552 342 623 praetores
360 539 433 605 inde
446 543 517 605 lacti
531 545 564 604 T.
574 541 714 604 Maenius
728 543 759 602 P.
772 543 931 605 cornelius
947 540 1033 603 Sulla
1048 544 1079 603 c.
1095 543 1161 604 Cal·

183 631 312 706 purnius
332 627 403 690 Piso
422 627 462 686 M.
483 627 617 689 Licinius
636 627 781 688 Lucullus
803 627 834 688 c.
849 625 993 688 Aurelius
1015 625 1161 704 Scaurus,

181 713 214 774 L.
230 713 388 788 Quinctius
404 709 572 786 Crispinus.
892 743 895 749 -

265 797 409 858 Extremo
424 795 511 867 anni,
533 793 759 870 magistratibus
775 794 833 854 iam
849 793 975 868 creatis,
996 793 1161 856 antediem

183 880 301 942 tertium
322 896 422 941 nonas
438 877 563 941 Martias
584 879 636 938 cn.
658 877 790 938 Manlius
810 879 909 940 Vulso
931 877 971 937 de
993 876 1087 937 Gallis
1110 878 1162 954 qui

181 965 287 1025 Asiam
302 963 440 1025 incolunt
454 961 657 1037 triumphavit.
689 961 788 1022 serius
805 962 833 1020 ei
848 960 1051 1036 triumphandi
1067 976 1162 1022 causa

181 1048 244 1120 luit,
262 1063 301 1107 ne
313 1047 347 1122 Ω.
357 1046 497 1108 Terentio
510 1045 655 1107 Culleone
671 1051 812 1120 praetore
827 1060 952 1105 causam
967 1045 1035 1119 lege
1047 1044 1164 1107 Petillia

181 1131 306 1205 diceret,
321 1139 351 1192 et
364 1129 506 1190 incendio
521 1129 612 1190 alieni
628 1129 739 1202 iudicii,
755 1145 817 1204 quo
831 1129 865 1188 L.
878 1127 983 1203 Scipio
1000 1128 1161 1188 damnatus

180 1221 254 1287 erat,
271 1213 484 1290 conflagraret
499 1229 536 1274 ea
552 1211 771 1272 infensioribus
786 1211 817 1272 in
829 1227 865 1272 se
878 1227 969 1286 quum
980 1211 1011 1270 in
1024 1213 1106 1271 illum
1117 1211 1161 1270 iu·

181 1295 311 1371 dicibus‚
327 1298 410 1374 quud
426 1296 620 1373 disciplinam
633 1295 792 1356 militarem
806 1311 917 1356 severe
932 1296 971 1364 ab
986 1311 1023 1356 eo
1036 1310 1161 1355 conser-

179 1389 281 1442 vatam
301 1395 517 1442 successorem
539 1396 574 1441 se
596 1380 678 1441 omni
696 1394 810 1454 genere
826 1378 968 1440 licentiae
983 1379 1162 1452 corrupisse

180 1465 261 1525 lama
274 1467 423 1526 attulerat.
445 1480 547 1538 neque
561 1480 599 1526 ea
608 1464 677 1525 sola
687 1460 830 1523 infamiae
843 1469 937 1534 erant,
955 1477 1035 1538 quae
1047 1462 1078 1521 iu
1090 1477 1161 1537 pro·

178 1548 279 1608 vincia
299 1547 467 1624 proculab
489 1547 586 1607 oculis
608 1549 688 1607 lacta
707 1546 922 1621 narrabantur,
943 1545 1001 1607 sed
1019 1561 1057 1606 ea
1070 1545 1160 1606 etiam

178 1630 286 1704 magis,
299 1631 419 1705 quaein
431 1630 575 1691 militibus
587 1631 654 1691 eius
666 1628 1050 1706 quotidieaspiciebantur.
1073 1630 1160 1688 luxu·

178 1715 242 1774 riae
263 1712 344 1774 enim
365 1715 548 1790 peregrinae
568 1714 655 1789 origo
675 1712 714 1772 ab
734 1712 869 1774 exercitu
882 1711 1020 1774 Asiatico
1040 1711 1161 1772 invecta

177 1797 208 1858 in
224 1796 331 1857 urbem
346 1806 402 1859 est.
424 1794 445 1857 ii
461 1797 589 1873 primum
602 1799 699 1859 lectos
713 1804 845 1870 aeratos,
860 1804 978 1857 vestem
993 1797 1158 1870 stragulam

73 1893 74 1896 ’
177 1880 354 1957 pretiosam,
370 1881 510 1956 plagulas
524 1881 621 1943 etalia
631 1880 754 1954 textilia,
770 1886 801 1940 et
815 1887 967 1955 quactum
978 1875 1159 1953 magnificae

177 1965 376 2040 supellectilis
401 1963 607 2038 habebantur,
633 1963 821 2039 monopodia
841 1971 871 2024 et
894 1963 1010 2024 abacos
1031 1963 1160 2023 Romam

178 2048 377 2108 advexerunt.
396 2054 467 2107 tunc
481 2046 625 2124 psaltriae
640 2047 935 2122 sambucistriaeque
947 2053 977 2106 et
987 2046 1160 2106 convivalia

179 2127 334 2192 ludionum
342 2131 566 2192 oblectamenta
577 2131 680 2192 addita
691 2130 806 2206 epulis;
819 2131 930 2205 epulae
938 2145 1062 2205 quoque
1070 2126 1159 2204 ipsae

178 2221 207 2274 ct
222 2229 296 2274 cura
310 2223 341 2276 et
355 2223 479 2290 sumptu
492 2214 608 2275 maiore
622 2213 767 2290 apparari
782 2219 920 2288 coeptae·
949 2221 1011 2274 tum
1027 2227 1158 2287 coquus,

177 2297 355 2358 vilissimum
371 2299 503 2373 antiquis
518 2297 702 2373 mancipium
718 2305 749 2358 et
762 2295 972 2358 aestimatione
986 2303 1018 2355 et
1031 2311 1105 2368 usu,
1126 2293 1158 2354 in

176 2381 368 2456 probasses,
385 2387 417 2440 et
431 2381 515 2455 quod
526 2380 725 2440 ministerium
737 2381 843 2452 luerat,
856 2394 906 2438 ars
918 2377 1024 2438 baberi
1035 2384 1158 2451 coepta.

174 2463 227 2522 vix
249 2470 349 2523 tamen
371 2461 422 2522 illa
444 2480 525 2538 quae
546 2467 609 2524 tum
629 2461 914 2537 conspiciebantur,
935 2461 1054 2521 semina
1071 2467 1159 2522 erant

174 2547 294 2605 loturae
313 2545 462 2626 luxuriae.
490 2545 558 2605 Vll.
586 2545 617 2606 in
631 2545 784 2620 triumpho
806 2545 873 2605 tulit
886 2543 938 2605 cn.
954 2543 1086 2604 Manlius
1104 2560 1157 2605 eo-

174 2644 269 2689 ronus
293 2644 404 2690 aureas
428 2629 560 2691 ducenta
584 2627 748 2691 duodecim
768 2628 890 2704 pondo,
914 2627 1158 2703 argentipondo

174 2711 306 2774 ducenta
325 2711 431 2786 viginti
448 2711 546 2789 milia,
567 2714 635 2773 auri
652 2713 759 2788 pondo
782 2712 843 2772 duo
857 2709 940 2771 milia
954 2719 1076 2772 centum
1090 2710 1155 2786 tria,

172 2795 372 2859 tetrachmum
387 2796 518 2858 Atticum
540 2804 660 2858 centum
679 2795 784 2872 viginti
805 2801 924 2871 septem
945 2795 1042 2868 milia,
1064 2795 1155 2855 cisto·

172 2879 305 2955 pirorum
328 2880 460 2940 ducenta
481 2880 715 2955 quinquaginta,
743 2878 972 2954 Philippeorum
992 2893 1156 2939 aureorum

172 2979 365 3024 nummorum
380 2963 516 3023 sedecim
530 2962 612 3023 milia
626 2969 780 3024 trecentos
794 2961 917 3038 viginta
938 2969 970 3024 et
983 2979 1068 3022 arma
1081 2979 1156 3038 spo·

171 3043 276 3121 liaque
301 3047 395 3107 multa
414 3045 531 3108 Gallica
551 3048 705 3122 carpentis
727 3051 877 3120 travecta,
902 3045 1000 3107 duces
1021 3046 1156 3108 hostium

172 3129 235 3189 duo
255 3136 287 3189 ct
305 3126 527 3205 quinquaginta
546 3130 628 3192 ducti
648 3139 719 3192 ante
744 3146 875 3190 currunt.
911 3129 1057 3190 militibus
1078 3145 1153 3206 qua-

171 3213 329 3286 dragenos
340 3212 430 3274 binos
442 3213 585 3274 denarios
600 3215 712 3290 divisit,
726 3214 842 3289 duplex
856 3213 1043 3285 centurioni3
1057 3221 1088 3274 et
1101 3211 1154 3272 sti·

171 3296 317 3371 pendium
332 3296 446 3371 duplex
462 3297 492 3356 in
505 3298 623 3372 pedites
634 3298 734 3368 dedit;
750 3297 860 3373 triplex
873 3297 904 3358 in
916 3298 1045 3372 equites.
1069 3291 1154 3356 multi

171 3380 304 3441 omnium
326 3380 467 3440 ordinum
488 3380 593 3441 donati
613 3379 792 3442 militaribus
807 3381 899 3443 donis
916 3396 1040 3442 currum
1054 3376 1153 3441 seculi

170 3473 251 3525 suut.
278 3465 476 3544 carminaque
492 3480 511 3525 a
524 3464 667 3528 militibus
683 3479 721 3527 ea
733 3463 764 3525 in
779 3465 995 3544 imperatorem
1008 3463 1105 3540 dimo,
1119 3471 1154 3524 ut

1276 3387 1288 3920 t
