2574 3954
183 199 246 264 258
360 200 475 260 LIBER
488 200 577 258 XLv.
601 198 760 260 Chusa.
777 199 813 276 [a.
827 202 859 256 u,
873 202 974 270 aaut]

183 351 265 411 dicio
280 366 341 410 non
356 349 491 421 auderet,
512 349 653 408 liberaret
672 348 820 422 religione
834 350 980 423 templum
994 364 1030 408 ac
1045 348 1171 409 sibimet

184 437 253 510 ipse
268 435 450 494 consuleret.
472 432 603 492 Perseus
618 439 764 493 sevocato
775 431 919 492 Euandro
935 432 1076 492 iudicium
1092 432 1168 492 sub

184 518 276 579 eundi
291 517 374 577 nullo
387 524 475 591 pacto
488 523 594 576 auctor
604 531 691 576 esse:
707 530 764 576 nec
776 531 870 575 cansa
882 530 939 576 nec
949 513 1046 589 gratia
1059 531 1169 590 parem

185 603 260 661 lore.
293 601 418 660 suberat
431 608 462 660 et
475 600 525 659 ille
539 606 648 672 metus,
663 615 702 658 ne
717 600 879 658 damnatus
893 605 1048 658 auctorem
1062 613 1097 658 se
1112 613 1169 657 ne·

148 713 150 718 v
184 683 269 744 sandi
296 683 438 744 facinoris
464 683 663 758 protraheret.
704 683 815 756 reliqui
841 683 1024 757 quidesse,
1050 681 1170 742 nisiut

184 769 300 829 fortiter
317 768 483 828 moriaturl
502 765 575 826 nihil
590 769 688 842 palam
705 766 840 826 abnuere
850 765 1008 833 Euander3
1023 767 1079 825 sed
1095 781 1168 826 cum

184 867 304 911 veneno
321 866 356 911 sc
370 851 459 910 malle
473 849 552 910 mori
570 866 661 926 quam
677 851 757 910 lerro
774 849 911 922 dixisset,
928 850 1046 910 occulte
1061 849 1168 924 lugam

185 934 322 1010 parabat.
358 934 443 1009 quod
458 949 526 993 cum
540 934 741 994 renuntiatum
760 933 826 1008 regi
847 939 945 1005 esset,
967 938 1104 992 metuens
1125 948 1169 992 nc

182 1025 338 1094 tamquam
359 1035 378 1076 a
398 1033 433 1076 se
453 1017 608 1077 subtracto
629 1032 749 1091 poenae
768 1032 822 1076 reo
844 1017 918 1076 iram
933 1015 1169 1076 Samothracum

183 1102 264 1162 inse
281 1106 486 1172 converteret,
506 1100 633 1160 interfici
647 1100 822 1160 Euandrum
844 1100 942 1160 iussit.
979 1115 1040 1174 qua
1055 1115 1168 1174 perpe·

183 1192 262 1244 trata
276 1192 389 1244 temere
404 1184 499 1244 caede
514 1184 596 1244 subit
606 1183 761 1259 extemplo
781 1183 914 1244 animum
928 1184 958 1243 in
974 1200 1009 1244 se
1023 1185 1168 1243 nimirum

183 1275 337 1343 receptam
346 1268 454 1341 labem,
472 1284 552 1342 quae
560 1267 694 1327 Euandri
702 1267 826 1337 suisset3
843 1268 881 1328 ab
896 1267 947 1328 illo
958 1266 1085 1342 Delphis
1097 1269 1166 1326 vul·

183 1358 321 1412 neratum
331 1350 496 1426 Eumenen,
509 1352 590 1412 absc
602 1350 998 1412 SamothracaeEuandrum
1010 1351 1166 1420 occisnm;

182 1436 224 1496 ite
244 1436 305 1496 duo
321 1435 515 1495 sanctissima
535 1435 564 1494 in
585 1435 675 1496 terris
696 1436 809 1510 templa
825 1449 936 1495 sermo
951 1442 1076 1496 auctore
1091 1450 1164 1494 san-

182 1519 276 1594 guine
289 1519 422 1578 humano
437 1518 557 1578 violata.
580 1518 670 1579 huius
684 1518 729 1578 rei
744 1517 858 1578 crimen
873 1525 1015 1594 corrupto
1033 1518 1164 1594 pecunia

184 1601 330 1662 Theonda
344 1601 503 1674 avertitur,
525 1609 557 1660 ut
578 1601 763 1661 renuntiaret
783 1603 898 1677 populo
914 1601 1088 1662 Euandrum
1105 1602 1165 1663 sibi

182 1685 284 1761 ipsum
299 1692 426 1745 mortem
442 1684 611 1745 conscisse.
651 1685 703 1744 VI.
733 1691 865 1745 ceterum
882 1691 965 1745 tanto
981 1684 1115 1748 iocinore
1131 1685 1164 1743 in

181 1767 304 1828 unicum
320 1769 458 1828 relictum
472 1768 602 1829 amicum
619 1769 800 1842 commisso,
816 1784 872 1844 per
885 1775 930 1829 tot
945 1785 1036 1830 casus
1051 1783 1164 1843 exper·
1184 1780 1189 1788 ·

180 1859 254 1925 tum,
278 1853 491 1928 proditumque
514 1853 665 1928 quianon
687 1852 878 1926 prodiderat,
905 1853 1036 1911 omnium
1063 1852 1101 1910 ab
1126 1867 1165 1912 sc

182 1935 366 1995 abalienavit
379 1937 507 1996 animos.
527 1951 582 2010 pro
598 1951 632 1996 se
649 1936 782 2011 quisque
792 1936 922 1996 transire
937 1937 977 1996 ad
988 1936 1163 2006 Romanos;

182 2019 335 2093 fugaeque
353 2019 513 2080 consilium
529 2034 640 2095 capere
654 2019 765 2080 solum
776 2033 874 2094 prope
893 2020 1030 2080 relictum
1052 2034 1165 2094 coege-

181 2109 259 2177 runt,
275 2101 510 2178 Oroandemque
523 2103 706 2176 Cretensem,
722 2103 771 2163 cui
783 2102 1006 2163 nolaThraciae
1021 2119 1074 2164 ora
1088 2112 1166 2178 erat,

168 2185 255 2259 —quia
268 2193 454 2246 mercaturas
470 2185 504 2245 in·
516 2203 553 2246 oa
566 2186 692 2261 regione
706 2188 828 2259 iecerat,
843 2188 986 2262 appellat,
1007 2194 1081 2246 utse
1090 2187 1164 2246 sub-

181 2269 274 2328 latum
298 2271 327 2328 in
353 2271 485 2331 lembum
511 2271 549 2329 ad
571 2270 677 2348 Cotym
701 2269 873 2330 deveheret.
909 2271 1092 2331 Demetrium
1115 2279 1167 2332 est

180 2360 288 2427 portus
302 2353 332 2412 in
349 2353 558 2429 promontorio
573 2353 706 2428 quodam
727 2351 958 2414 Samothracae:
986 2354 1027 2413 ibi
1041 2354 1165 2415 lembus

181 2436 290 2495 stabat.
325 2437 382 2496 sub
399 2452 542 2496 occasum
558 2437 634 2496 solis
651 2436 828 2497 deseruntur
849 2453 930 2512 quae
951 2439 989 2497 ad
1005 2453 1094 2498 usum
1109 2454 1165 2497 ne-

181 2516 318 2578 cessaria
332 2526 433 2588 erant;
457 2519 592 2579 defertur
605 2527 637 2580 et
650 2520 796 2594 pecunia,
820 2529 934 2596 quanta
954 2524 1029 2582 clam
1049 2520 1164 2581 delerri

182 2607 310 2676 poterat
344 2617 400 2663 rex
415 2603 483 2678 ipse
503 2610 593 2663 nocte
607 2602 709 2663 media
730 2619 797 2664 cum
813 2605 909 2666 tribus
923 2605 1056 2666 consciis
1071 2606 1165 2680 rugae

181 2699 237 2759 per
257 2687 408 2760 posticum
431 2686 551 2762 aedium
578 2686 607 2745 in
634 2687 841 2763 propinquum
868 2689 1009 2750 cubiculo
1031 2687 1164 2763 hortum,

180 2774 272 2843 atque
283 2769 355 2829 inde
365 2767 527 2831 maceriam
539 2784 631 2844 aegre
641 2776 854 2846 uansgressus
867 2773 906 2832 ad
917 2788 1001 2832 mare
1013 2771 1164 2847 pervenit.

182 2851 341 2914 Oroandes
351 2860 466 2915 lantum
476 2860 623 2928 moratus,
636 2855 708 2913 dum
716 2855 845 2929 pecunia
860 2856 1038 2930 deterretur,
1054 2853 1164 2930 primis

180 2937 315 2997 tenebris
342 2938 476 2998 solverat
498 2953 608 2998 navem
632 2952 670 2998 ao
695 2953 751 3013 per
776 2939 868 2999 altum
889 2938 1006 3000 Cretam
1029 2937 1163 3013 petebat

183 3026 345 3094 postquam
358 3021 387 3079 in
401 3028 490 3094 portu
505 3019 592 3080 navis
608 3036 668 3080 non
681 3021 803 3080 inventa
819 3030 875 3093 est,
891 3031 1019 3097 vagatus
1029 3022 1164 3083 Perseus

180 3101 367 3175 aliquamdiu
388 3103 417 3161 in
436 3104 543 3177 littore,
566 3109 723 3177 postremo
738 3105 846 3165 timens
862 3107 959 3166 lucem
973 3106 1031 3165 iam
1047 3121 1163 3180 appro-

180 3183 393 3260 pinquantem,
418 3186 447 3244 in
471 3184 637 3260 hospitium
665 3186 766 3246 redire
791 3204 852 3249 non
878 3205 988 3261 ausus,
1013 3188 1043 3250 in
1066 3190 1165 3250 latere

175 3269 282 3344 templi
299 3284 396 3343 prope
411 3270 553 3343 angulum
568 3269 731 3329 obscurum
744 3271 868 3331 delituit.
892 3273 979 3347 pueri
990 3272 1065 3347 regii
1077 3275 1165 3346 apud

177 3352 366 3412 Macedonas
388 3352 578 3412 vocabantur
599 3352 770 3428 principum
789 3355 875 3414 liberi
901 3356 941 3414 ad
961 3355 1164 3416 ministerium

178 3436 266 3496 electi
282 3436 379 3510 rogis:
396 3452 432 3496 ea
449 3435 561 3496 cohors
577 3444 738 3510 persecuta
749 3453 851 3512 regem
865 3437 1027 3512 lugientem
1042 3454 1082 3499 ne
1096 3447 1166 3501 tum
