2598 3956
301 197 416 257 LIBER
430 197 518 258 XLII.
541 197 623 256 CAP.
640 207 681 260 16.
695 207 738 262 17.
760 205 795 272 [a.
809 205 840 265 O.
855 207 915 272 172]
1034 200 1095 265 143

199 350 279 412 xvl.
298 349 447 409 Latrones
463 361 532 409 cum
547 345 633 408 brevi
648 346 807 409 circumitu
821 349 972 410 maceriae
987 349 1093 412 decur-

113 450 185 496 rere
200 435 239 494 ad
253 431 477 494 conficiendum
496 429 635 492 sancium
650 438 794 507 possent,
814 433 898 494 velut
911 435 1047 509 perlecta
1061 452 1095 496 re

116 521 147 579 in
162 516 266 594 iugum
280 514 408 577 Parnasi
421 515 602 590 refugerunt
615 531 654 577 eo
668 531 770 590 cursu,
791 523 832 591 ut,
854 532 923 578 cum
938 533 1017 578 unus
1033 535 1094 581 non
1206 543 1209 549 ·

116 601 205 662 tacite
226 599 386 676 sequendo
412 613 467 676 per
488 598 571 659 invia
589 606 683 676 atque
698 601 794 661 ardua
808 607 978 662 moraretur
992 603 1095 678 lugam

114 701 239 758 eorum,
260 699 300 744 ue
320 699 359 744 ex
374 698 560 758 comprenso
574 681 720 744 indicium
734 691 906 757 emanaret,
927 684 1096 747 occiderint

115 769 269 830 comitem.
291 767 330 828 ad
350 781 466 843 corpus
485 767 569 842 regis
588 766 688 842 primo
710 767 799 829 amici
819 767 932 850 deinde
946 769 1094 831 satellites

118 868 155 914 ac
170 849 251 912 servi
268 857 501 922 concurrerunt,
523 851 666 912 tollentes
681 853 815 928 sopitum
829 853 956 914 vnlnere
970 867 1007 913 ac
1021 852 1095 912 nihil

117 935 304 996 sentientem.
327 933 431 994 vivere
447 941 551 998 tamen
571 949 611 996 ex
633 934 736 996 calore
750 942 782 998 et
794 936 905 1012 spiritu
919 945 1095 998 remanente

115 1018 144 1079 in
160 1015 352 1094 praecordiis
367 1026 545 1079 senscrunt=
557 1019 707 1081 victurum
723 1021 834 1095 exigua
849 1035 886 1080 ac
899 1035 999 1096 prope
1012 1022 1098 1082 nulla

113 1118 189 1179 spes
210 1108 285 1163 erat.
313 1101 436 1178 quidam
457 1117 496 1162 ex
517 1101 698 1165 satellitibus
717 1104 815 1165 secuti
835 1105 985 1165 latronum
1000 1103 1094 1166 vesti-

111 1188 172 1262 gia,
188 1201 257 1248 curn
268 1200 369 1260 usqne
385 1187 422 1246 ad
435 1186 539 1260 iugum
553 1185 680 1248 Parnasi
694 1187 881 1264 nequiquam
895 1185 1009 1264 latigatl
1024 1204 1094 1264 per·

112 1270 283 1344 venissent,
297 1284 331 1329 re
345 1269 458 1331 iniecta
472 1269 637 1331 redierunt.
660 1271 801 1346 adgressi
815 1271 935 1332 facinus
949 1271 1093 1332 Macedo·
1157 1281 1159 1286 '

112 1369 169 1414 nes
190 1360 224 1414 ut
243 1354 415 1414 inconsulte
435 1354 476 1413 ita
496 1353 658 1426 audacter,
681 1360 823 1430 coeptum
837 1370 895 1416 nec
910 1356 1049 1416 consulte
1064 1363 1093 1416 et

112 1437 216 1499 timide
227 1436 424 1514 reliquerunt·
436 1444 608 1511 compotem
619 1437 679 1496 iam
690 1439 739 1499 sui
750 1451 854 1514 regem
866 1437 954 1498 amici
966 1445 1107 1514 postero„

112 1521 164 1582 die
182 1521 324 1582 delemnt
337 1520 515 1590 adnavem3
539 1520 611 1581 inde
625 1519 810 1596 corinthum,
823 1519 863 1581 ab
878 1521 1021 1583 corium>
1037 1536 1094 1598 per

112 1603 218 1668 Isthmi
228 1605 333 1682 iugum
344 1605 476 1666 navibus
487 1604 634 1667 traductis
642 1605 791 1680 Aeginam
803 1605 952 1667 omniunt.
964 1603 1092 1667 ibiadeo

111 1695 233 1750 secreta
245 1690 313 1750 eius
326 1688 441 1751 curatio
458 1689 522 1764 luit,
544 1688 771 1752 admittentibus
784 1690 945 1764 neminem,
966 1696 999 1752 ut
1013 1693 1094 1750 lama

111 1782 263 1836 mortuum
289 1772 319 1833 in
340 1771 446 1833 Asiam
474 1774 631 1848 perterret.
665 1774 787 1836 Attalus
815 1788 940 1850 quoque
961 1775 1092 1835 celerius

111 1874 203 1935 quam
225 1857 350 1932 dignum
370 1856 536 1918 concordia
558 1858 689 1918 iraterna
711 1864 777 1919 erat
798 1855 942 1919 credidit:
969 1862 1092 1918 namet

111 1957 181 2003 cum
201 1957 300 2004 uxore
320 1941 422 2002 iratris
443 1949 474 2002 et
493 1942 649 2017 praelecto
671 1942 734 2002 arci
754 1949 909 2018 umquam
930 1940 990 2002 iam
1010 1940 1093 2001 haud
1150 1993 1152 1998 .

110 2023 224 2088 dubius
238 2025 326 2101 regni
341 2023 432 2086 heres
448 2030 496 2086 est
509 2027 640 2087 locutus.
663 2041 743 2102 quae
756 2031 865 2100 postea
879 2041 942 2087 non
957 2026 1093 2085 lelellere

108 2109 282 2179 Eumenem
304 2116 336 2171 et
356 2124 541 2184 quamquam
563 2108 756 2170 dissimulare
777 2116 807 2169 et
827 2107 918 2170 tacite
932 2108 1046 2170 habere
1060 2108 1093 2166 id

110 2192 237 2271 patique
253 2199 413 2267 statuerat,
433 2201 533 2254 tamen
554 2193 585 2252 in
599 2193 697 2268 primo
713 2207 882 2268 congressu
899 2207 961 2253 uon
976 2199 1092 2266 tempe·

109 2277 203 2352 ravit,
225 2279 298 2354 quin
321 2277 428 2339 uxoris
450 2275 602 2352 petendae
623 2281 846 2352 praematuram
866 2274 1092 2336 festinationem

111 2361 195 2423 tratri
217 2361 361 2423 obiceret.
390 2362 519 2422 Romam
540 2375 665 2436 quoque
685 2361 766 2420 lama
781 2360 820 2421 de
834 2365 932 2420 morte
945 2358 1090 2418 Eumenis

110 2446 229 2521 perlata
243 2454 300 2507 est

193 2530 287 2590 xvll.
310 2529 373 2591 Sub
390 2531 470 2590 idern
485 2536 608 2604 tempus
623 2528 656 2589 0.
669 2527 812 2590 Valerius
828 2543 868 2588 ex
883 2528 1020 2600 Graecia,
1038 2528 1091 2604 qui

110 2617 230 2690 legatus
245 2614 286 2674 ad
300 2613 461 2676 visendrun
475 2620 587 2674 statum
602 2611 738 2688 regionis
753 2612 821 2675 eius
836 2611 1091 2690 speculandaque

108 2699 239 2760 consilia
251 2697 356 2760 Persei
370 2699 453 2774 regis
468 2696 583 2758 missus
597 2703 678 2770 erat,
702 2696 807 2768 rediit,
829 2695 1092 2772 coagmentiaque

110 2783 213 2844 omnia
233 2782 410 2844 criminibus
424 2783 463 2842 ab
476 2781 613 2842 Eumene
628 2779 738 2842 adlatis
759 2780 920 2841 referebat.
950 2779 1041 2840 simul
1062 2785 1092 2839 et

108 2866 281 2928 adduxerat
294 2881 401 2927 seeum
414 2866 515 2927 Praxo
533 2864 701 2940 adelphis,
724 2865 811 2925 cuius
826 2863 937 2924 domus
952 2871 1090 2939 recepta·

108 2951 211 3011 culum
225 2951 376 3012 lenonum
390 2951 498 3024 iuerat,
519 2957 549 3011 et
562 2948 596 3009 t.
611 2948 782 3010 Rammium
794 2947 1021 3020 Brundisinum,
1037 2945 1090 3023 qui

108 3034 179 3096 talis
192 3033 295 3094 iudicii
311 3034 429 3096 delator
440 3040 513 3094 erat.
527 3034 672 3110 princeps
683 3031 838 3095 Brundisii
849 3032 1005 3094 Rammius
1018 3031 1090 3100 tuit;

108 3117 245 3194 hospitio
260 3132 387 3195 quoque
407 3125 439 3181 et
451 3119 548 3180 duces
562 3117 720 3179 ltornaucs
736 3131 843 3177 omnes
858 3123 889 3177 et
902 3117 1021 3192 legatos
1036 3131 1090 3177 ex-

108 3209 242 3263 terarum
257 3217 383 3280 quoque
394 3203 529 3281 gentium
540 3199 688 3277 insignes,
702 3199 870 3276 praecipua
881 3201 994 3276 regios,
1010 3199 1090 3259 acci·-

108 3285 222 3362 piebat.
251 3301 291 3347 cx
306 3300 344 3348 co
359 3285 465 3349 notitia
478 3287 506 3348 ci
521 3299 590 3347 eum
606 3285 734 3344 absente
747 3283 861 3346 Perseo
876 3285 991 3354 luerat;
1012 3282 1090 3342 litte-

108 3369 215 3447 risque
230 3383 318 3446 spcm
333 3368 482 3432 amicitiae
497 3367 651 3432 interioris
661 3382 855 3445 magnaeque
865 3367 937 3428 inde
949 3367 1090 3427 lenunae

108 3453 291 3518 lacientibue
307 3455 347 3516 ad
361 3469 465 3532 regem
479 3454 637 3530 protectus
652 3453 739 3517 brevi
753 3450 967 3528 perfamiliaris
982 3447 1089 3507 haberi
