2592 3964
115 315 119 330 Ι
206 230 249 296 oe
373 193 377 200 ’
406 227 594 290 umnam.
621 226 779 290 canna.
801 228 998 300 [tuamor

205 383 259 458 ,qui
280 379 484 457 speculatoris
507 377 545 438 ab
568 393 603 436 se
623 376 733 452 pulsati
756 382 946 452 praesentem
966 376 1112 438 ultionem
1128 392 1190 437 mc-

203 464 340 527 tuebant.
360 475 429 523 cum
440 477 495 524 eos
508 475 631 538 quoque
642 459 813 520 Demetrius
825 458 966 532 traheret,
978 459 1091 522 terrum
1103 467 1191 521 veste

205 547 400 622 abdiderunt,
417 562 478 622 quo
495 561 531 606 se
544 545 644 616 tutari,
660 544 687 604 si
702 560 765 619 qun
778 543 826 604 vis
841 543 935 619 fieret,
952 549 1089 617 possent.
1116 543 1190 604 nillil

206 631 318 694 occulti
333 645 405 691 esse
419 629 449 690 in
465 627 609 690 intestina
624 626 779 689 discordia
794 632 904 702 potest.
932 633 1063 702 utraque
1079 627 1189 689 domus

206 713 435 792 speculatorum
456 721 487 774 et
504 711 695 788 proditorum
710 712 801 787 piena
815 716 888 771 erat.
921 717 1131 786 praecucurrit
1144 711 1189 771 in-

206 800 269 860 dex
290 797 331 858 ad
344 795 474 870 Persea,
494 797 575 858 lerru
598 794 774 858 succinctos
794 793 937 855 nuntians
953 809 1022 854 curn
1036 793 1190 856 Demetrio

129 881 132 885 ’
203 888 350 959 quattuor
364 881 577 943 adolescentes
588 879 702 940 venire.
724 878 781 940 etsi
792 893 886 940 causa
897 876 1189 954 apparebat-nam

204 964 297 1026 abiis
314 965 467 1041 pulsatum
487 963 647 1025 convivam
668 979 758 1024 suum
772 961 975 1033 audierat-,
998 968 1099 1022 tamen
1113 959 1189 1023 inla-

206 1049 340 1108 mandae
359 1047 404 1109 rei
420 1063 516 1110 causa
530 1047 651 1107 ianuam
667 1043 805 1108 obserari
818 1044 916 1118 iubet,
938 1052 1021 1106 etex
1035 1053 1123 1120 parte
1137 1061 1189 1106 su·

206 1133 330 1208 periore
350 1131 472 1192 aedium
492 1130 655 1206 versisque
676 1131 707 1190 ln
720 1131 801 1191 viam
822 1128 963 1190 fenestris
978 1130 1188 1203 comisatores

203 1224 362 1291 tamquam
377 1215 417 1276 ad
432 1214 557 1275 caedem
574 1230 662 1274 suern
678 1214 849 1285 uenientes,
870 1212 956 1274 aditu
969 1213 1081 1275 ianuae
1094 1220 1186 1274 arcet.

206 1298 378 1360 Demetrius
393 1299 580 1375 parvinum,
597 1299 681 1374 quod
696 1298 920 1372 excluderetur,
934 1296 1093 1374 paulisper
1105 1297 1188 1359 roci·

203 1385 322 1444 teratus
336 1383 366 1443 in
382 1382 555 1444 convivium
569 1382 656 1456 redit,
672 1381 764 1443 totius
778 1381 823 1442 rei
836 1378 971 1456 ignarus.

289 1467 369 1526 Vllt.
392 1466 520 1528 Postero
537 1465 586 1526 dle
597 1464 741 1540 Perseus,
755 1481 824 1527 cum
839 1464 970 1541 primum
985 1463 1189 1526 conveniendi

206 1557 345 1627 potestas
361 1550 457 1625 patris
472 1549 542 1622 luit,
564 1548 679 1622 regiam
693 1549 852 1624 ingressus
869 1549 1044 1624 perturbato
1058 1549 1144 1618 vultu
1157 1549 1188 1609 in

204 1639 378 1708 conspectu
398 1633 491 1707 patris
512 1633 622 1693 tacitus
643 1634 751 1708 procul
773 1631 914 1694 constitit.
949 1633 998 1694 cui
1019 1640 1189 1708 cumpater
1288 1671 1289 1712 Ξ

205 1716 304 1794 „satin
320 1717 447 1776 salvet“
469 1722 501 1776 et
514 1730 664 1792 quaenam
676 1731 714 1776 ea
726 1713 877 1776 maestitia
891 1723 975 1778 esset
989 1717 1188 1792 interrogaret
1288 1719 1289 1724 ’

202 1815 284 1871 eum,
299 1799 359 1874 „de
374 1800 459 1860 lucro
475 1797 549 1862 tibi“
564 1795 662 1874 inquit
674 1800 799 1873 „vivere
810 1814 862 1859 me
877 1798 964 1862 scito.
984 1800 1044 1863 iarn
1059 1817 1121 1861 non
1136 1815 1186 1861 oc·

120 1893 121 1898 ’
204 1883 295 1944 cultis
310 1899 329 1943 a
342 1882 579 1959 iratrepetimur
589 1882 723 1954 insidiis;
746 1890 836 1944 nocte
848 1899 918 1944 cum
929 1884 1051 1945 armatis
1064 1885 1188 1945 domurn

201 1967 246 2027 ad
265 1965 508 2027 interficiendum
528 1967 693 2041 mevenit,
715 1967 891 2042 clausisque
906 1967 1022 2028 toribus
1036 1967 1187 2044 parietum

204 2049 361 2126 praesidio
382 2064 431 2109 me
445 2067 464 2110 a
479 2051 581 2124 tqrore
602 2048 668 2110 eius
690 2065 757 2112 sum
779 2054 924 2112 tutatus.“
956 2065 1025 2112 cum
1039 2067 1186 2127 pavorem

202 2133 331 2195 mixtum
346 2133 545 2194 admiratione
561 2133 638 2209 patri
653 2132 818 2209 iniecisset,
834 2134 937 2211 „etqui
952 2134 979 2196 si
994 2151 1084 2196 aures
1098 2148 1186 2211 prae·

203 2216 278 2278 bere
286 2222 397 2294 potes“
409 2215 515 2293 inquit,
528 2216 741 2291 „manifestam
750 2234 815 2278 rem
824 2225 932 2279 teneas
941 2219 1080 2279 iaciam.“
1090 2220 1186 2280 enim·

203 2311 279 2360 vero
293 2316 329 2361 se
343 2301 501 2376 Philippus
515 2301 618 2362 dicere
638 2301 828 2376 auditurum,
849 2303 1017 2377 vocarique
1032 2305 1185 2379 extemplo

204 2381 390 2444 Demetrium
405 2382 510 2453 iussim
535 2390 565 2444 et
579 2384 717 2444 seniores
733 2387 849 2446 amicos
865 2386 959 2457 duos,
981 2395 1125 2461 expertes
1140 2387 1186 2448 lu-

203 2466 357 2526 venalium
376 2465 456 2528 inter
475 2467 585 2529 iratres
606 2466 819 2545 certaminum,
845 2468 1052 2543 infrequentes
1074 2471 1134 2530 iarn
1154 2469 1184 2530 in

200 2549 303 2624 regia,
317 2547 534 2628 Lysimachum
549 2558 580 2611 et
594 2549 794 2614 Onomastum
807 2553 952 2627 arcessit,
971 2570 1050 2629 quos
1066 2551 1095 2614 in
1111 2569 1186 2614 con-

204 2632 273 2694 silio
288 2632 423 2694 haberet.
444 2633 515 2694 dum
530 2635 656 2695 veniunt
669 2637 768 2711 amici,
783 2638 869 2697 solus
884 2637 946 2699 filio
963 2639 1070 2712 procul
1085 2644 1185 2698 stante

199 2718 296 2778 multa
317 2732 422 2778 secum
443 2716 544 2779 animo
560 2719 701 2780 volutans
720 2718 925 2781 inambulavit.
955 2729 1118 2797 postquam
1131 2737 1184 2781 ve·

202 2801 288 2861 nisse
299 2816 355 2863 eos
367 2801 534 2864 nuntiatum
546 2808 602 2874 est,
618 2803 749 2864 secessit
759 2805 788 2865 in
801 2811 916 2880 partem
929 2804 1101 2865 interiorem
1114 2820 1189 2865 cum,

199 2885 325 2945 duobus
340 2885 455 2959 amicis,
470 2886 595 2947 totidem
610 2887 790 2948 custodibus
806 2885 962 2964 corporis;
984 2888 1064 2960 illlis,
1080 2893 1112 2947 ut
1124 2892 1185 2947 ter-

201 2983 261 3028 nos
276 2967 407 3028 inermes
422 2984 527 3029 secum
542 2969 777 3046 introducerent,
793 2971 937 3047 permisit.
970 2969 1011 3029 lbi
1026 2985 1095 3031 cnm
1110 2985 1182 3031 con-

199 3050 351 3124 sedisset,
374 3052 513 3125 „sedeo“
534 3053 633 3128 inquit
653 3053 859 3129 „miserrimus
875 3063 975 3130 pater,
998 3051 1091 3114 iudex
1105 3053 1185 3115 inter

198 3133 282 3193 duos
304 3132 401 3208 lilios,
423 3144 632 3197 accusatorem
654 3137 807 3212 parricidii
829 3147 972 3212 ebreum,
994 3145 1046 3199 aut
1060 3138 1183 3200 conficti

200 3223 254 3277 aut
273 3217 429 3278 commissi
445 3219 578 3280 criminis
594 3222 692 3281 labem
708 3223 790 3296 apud
805 3238 892 3283 meos
906 3221 1094 3284 inventurus.
1121 3221 1182 3282 iam

200 3299 319 3376 pridem
332 3300 455 3376 quidem
467 3302 545 3363 banc
558 3305 722 3379 procellam
733 3305 938 3368 imminentem
949 3305 1100 3379 timebam,
1113 3319 1182 3365 cum

200 3386 303 3445 vultus
324 3383 401 3446 inter
421 3402 480 3446 vos
501 3384 622 3448 minime
640 3389 790 3450 fraternos
806 3406 979 3463 cernerem,
1002 3406 1070 3450 cum
1084 3403 1182 3450 voces

199 3467 353 3542 quasdam
367 3469 555 3534 exaudirem.
585 3473 642 3532 sed
656 3473 805 3534 interdum
820 3491 895 3552 spes
910 3475 1042 3535 animum
1058 3471 1184 3534 subibat
