2570 3952
183 199 242 244 vm
616 183 644 232 Τ.
664 184 741 232 Lll'li

184 338 250 387 adeo
264 336 329 386 laeta
346 343 406 385 extu
420 334 561 384 immolanti
577 334 656 384 luisse
665 337 751 385 scribit
760 337 857 396 Livius,
876 345 904 388 ut
912 340 1032 390 custodiri
1041 354 1069 390 se
1077 340 1170 390 Postu-

185 407 252 456 mins
270 405 397 469 haruspex
413 404 529 462 voluerit,
550 405 640 468 capitis
659 405 810 470 supplicium
825 409 962 469 subiturus,
981 408 1031 458 nisi
1046 423 1083 469 ea,
1102 425 1171 472 quae

185 479 211 524 in
230 475 314 524 animo
334 473 406 522 Sulla
424 473 541 532 haberet,
560 473 609 520 diis
627 473 770 523 iuvantibus
788 475 953 538 implevisset.
982 477 1115 542 Auptestin.
1136 479 1171 528 de

185 543 235 594 Ciu.
255 541 359 605 1)th,
378 539 419 592 24.
450 541 489 605 Cf.
509 541 638 590 Plutarch.
658 541 720 590 Sutt.
739 558 796 606 cap.
816 542 841 596 9.

513 611 529 643 *
546 615 599 664 Ex.
618 615 661 668 tib.
680 615 841 666 LXXXIII.

238 691 270 741 tt)
291 685 391 734 Eversis
410 685 503 748 quippe
523 693 546 732 et
568 685 676 734 incensis
700 687 815 734 omnibus
834 701 890 735 cum
909 686 1003 750 oppido
1022 687 1169 736 simulacris

184 754 269 804 solum
281 753 407 803 Minervae
425 753 587 801 simulacrum
605 753 651 802 snb
669 761 739 803 tante
757 755 829 802 ruina
844 754 1020 820 nemphidius,
1040 763 1067 804 ut
1080 757 1169 806 scribit

184 825 280 886 Livius,
299 823 425 886 integrum
444 822 544 870 stetisse
560 822 715 886 perhibetur.
744 823 876 886 Augustis.
895 825 927 874 de
943 825 992 876 Cir.
1006 825 1056 873 Det'
1070 824 1126 890 III,
1140 822 1168 877 7.

186 893 224 956 Of.
244 891 398 941 Freinshem.
417 889 542 952 Supplem.
562 905 618 952 cup.
635 886 660 940 7.

564 956 642 1008 *Ere
660 960 702 1012 tit.
723 959 791 1008 XCI.

237 1035 270 1088 ts)
292 1029 366 1078 Nocte
383 1037 466 1076 tamen
485 1029 626 1090 insequenti
643 1030 699 1092 ipso
716 1027 883 1092 pervigilante
902 1031 926 1076 in
943 1030 1030 1078 eodem
1048 1029 1104 1079 loco
1116 1030 1167 1079 alia

184 1100 296 1148 excitata
313 1098 389 1150 turris
408 1097 490 1160 prima
508 1097 563 1146 luce
582 1097 700 1145 miraculo
719 1096 835 1146 hostibus
851 1096 907 1149 fnit.
939 1098 1014 1146 simul
1036 1107 1060 1148 et
1077 1099 1167 1164 oppidi

185 1169 270 1227 turris,
289 1181 354 1228 quae
369 1167 508 1214 maximum
521 1166 739 1231 propugnaculum
751 1165 840 1225 iuerat,
860 1167 970 1214 subrutis
983 1168 1167 1232 fundamentis,

186 1236 316 1285 dehiscere
328 1237 471 1300 ingentibus
483 1235 562 1297 rimis,
582 1243 606 1284 et
623 1243 675 1283 tum
692 1235 851 1300 constuprare
862 1236 965 1284 immhso
983 1237 1081 1300 fecium
1103 1237 1167 1301 igni,

185 1305 282 1369 crispin
308 1303 468 1367 incendiique
491 1304 567 1352 simui
587 1313 611 1351 ct
627 1304 714 1352 ruinae
736 1312 803 1352 metu
827 1305 905 1352 territi
925 1303 1117 1354 Contrebienses
1134 1306 1167 1355 de

185 1390 257 1424 tnttro
276 1373 369 1438 trepidi
387 1374 544 1439 refugerunh
565 1383 597 1436 et,
617 1380 644 1421 ul
662 1371 740 1436 legati
752 1374 908 1422 mitterentur
922 1373 955 1422 ad
968 1375 1110 1424 dedendam
1123 1390 1165 1423 ur-

184 1446 251 1502 bem,
271 1444 302 1492 ab
315 1444 434 1491 universa
446 1442 606 1490 multitudine
619 1441 802 1490 conclamatum
816 1448 862 1490 est.
891 1443 979 1491 eadem
991 1445 1080 1499 virtus,
1099 1459 1166 1504 quae

184 1514 309 1561 irritantes
329 1519 526 1576 oppugnaverat,
544 1513 664 1558 victorem
681 1509 869 1573 placabiliorem
882 1511 950 1562 fecit.
980 1512 1111 1560 obsidibus
1124 1528 1167 1561 ac·

185 1581 264 1644 ceptis
283 1581 405 1643 pecuniae
424 1580 550 1628 modicam
568 1579 652 1642 exegit
670 1593 802 1638 summam,
822 1595 942 1642 armaque
961 1582 1045 1629 omnia
1060 1583 1165 1630 ademit.

185 1647 331 1712 transfugas
355 1648 446 1696 liberos
471 1649 541 1696 vivos
565 1649 598 1696 ud
622 1661 650 1696 se
668 1646 760 1695 adduci
784 1649 871 1697 iussit:
896 1647 1032 1713 fugitivos,
1057 1662 1165 1710 quotum

187 1716 415 1786 rnaior,ntultitudo
433 1726 499 1776 erat,
525 1717 588 1780 ipsis
609 1717 753 1779 imperavit,
776 1725 804 1764 nt
825 1718 1002 1766 interficerent.
1036 1717 1166 1783 iugulatos

185 1789 215 1836 de
234 1801 305 1834 muro
325 1786 474 1836 deiecerunt.

239 1855 299 1904 Cum
312 1869 406 1920 magna
416 1857 510 1903 iactura
521 1853 630 1904 militum
649 1861 767 1916 quattuor
780 1863 803 1903 et
817 1854 986 1919 quadraginta
998 1855 1087 1904 diebus
1100 1855 1165 1904 Con-

184 1925 264 1972 trebia
287 1931 447 1988 expugnatn,
469 1923 607 1986 relictoque
631 1924 666 1972 ibi
691 1923 720 1972 L.
739 1923 830 1972 Insteio
853 1938 906 1971 cum
924 1923 1007 1972 aalide
1022 1925 1165 1986 pracsidio,

183 1995 240 2057 ipse
260 1991 292 2040 ad
305 1992 424 2040 Hiberum
442 1991 535 2040 humen
553 1992 641 2056 cupias
655 1992 769 2042 adduxit.
796 1992 831 2040 ibi
845 1992 1013 2041 hibernaculis
1024 1993 1165 2042 secundnm

185 2060 315 2125 oppidum,
335 2061 403 2122 quod
415 2059 500 2109 Castra
516 2061 590 2110 Aelia
608 2069 718 2119 vocatur,
738 2059 876 2110 aedificatis
895 2063 949 2124 ipse
967 2062 992 2108 in
1010 2063 1099 2110 castris
1111 2059 1166 2110 ma-

183 2131 271 2179 nebat:
299 2131 408 2179 interdiu
430 2137 580 2179 conventum
607 2131 731 2179 sociarum
750 2130 888 2178 civitatium
906 2131 932 2178 in
950 2129 1043 2194 oppido
1062 2131 1164 2194 agebat.

183 2213 256 2248 arma
277 2206 306 2247 ut
323 2197 410 2248 fierent
431 2212 477 2263 pro
495 2201 574 2264 copiis
599 2201 721 2262 cuiusque
743 2196 832 2263 populi
849 2212 896 2262 per
911 2204 989 2252 totam
1007 2200 1165 2262 provinciam

184 2269 310 2325 edisseram
337 2269 428 2330 quibus
447 2269 567 2332 inspectis
586 2267 679 2317 referre
697 2275 779 2316 cetera
797 2281 867 2315 arma
884 2266 977 2316 milites
997 2267 1078 2331 iussit,
1099 2283 1165 2328 qnae

184 2346 227 2386 aut
245 2337 374 2385 itineribus
394 2338 501 2396 crebris,
521 2347 564 2386 aaut
582 2335 805 2401 oppugnationibus
823 2343 848 2385 et
861 2337 965 2397 proelias
981 2337 1078 2385 inutilia
1097 2335 1166 2385 tecte

185 2413 263 2463 erant,
282 2419 397 2468 novaque
415 2405 478 2454 viris
494 2420 540 2470 per
557 2407 714 2455 centuriones
728 2404 823 2454 divisit.
854 2405 992 2466 equitatum
1007 2419 1107 2467 quoque
1118 2419 1165 2453 no-

185 2475 222 2522 vis
242 2473 361 2521 instruxit
384 2474 475 2530 armh,
497 2476 697 2535 vestimentaque
713 2481 862 2537 praeparata
880 2482 938 2523 ante
957 2475 1050 2532 divisa,
1074 2481 1098 2522 et
1117 2475 1165 2522 sti·

183 2541 306 2606 pendium
319 2543 413 2593 datum.
433 2541 529 2601 iubens,
546 2557 607 2591 cura
618 2542 782 2604 conquisitos,
793 2541 906 2604 undique
920 2544 1057 2601 exciverat,
1070 2542 1165 2604 quibus

183 2609 285 2660 officina
303 2608 405 2673 publica
424 2605 536 2660 institutio
554 2618 680 2674 uteretur,
702 2611 800 2660 ratione
823 2612 899 2675 inita,
924 2612 985 2673 quid
1003 2613 1029 2659 in
1047 2611 1164 2676 singulos

183 2679 237 2728 dies
256 2677 322 2727 citici
338 2681 427 2742 possit.
454 2681 538 2742 itaque
558 2681 642 2730 omnia
658 2679 733 2729 simul
745 2680 911 2730 instrumenta
922 2681 982 2730 betti
993 2680 1163 2744 parabantur;

182 2763 264 2811 neque
288 2749 391 2796 materia
413 2749 551 2798 artificibus
573 2750 730 2814 praeparatis
753 2756 812 2798 ante
835 2750 950 2799 omnibus
974 2750 1050 2798 enixo
1074 2749 1164 2800 civita-

180 2816 245 2866 tium
262 2817 356 2877 studio,
372 2833 419 2868 nec
433 2833 479 2867 suo
493 2819 600 2880 quisque
612 2821 681 2883 operi
694 2817 786 2867 artifex
797 2818 891 2868 deerat.
913 2820 1056 2868 convocatis
1071 2817 1164 2870 deinde

182 2887 294 2936 omnium
315 2886 468 2952 populorum
487 2886 655 2952 legationibus
674 2896 698 2936 el
715 2887 867 2944 civitatium,
887 2889 983 2952 gratias
1002 2888 1064 2952 egit,
1083 2889 1162 2950 qaod,

180 2971 246 3018 quae
261 2957 384 3018 imperata
399 2965 483 3005 essent
501 2958 526 3004 in
541 2958 672 3018 pedestres
688 2957 789 3018 copias,
805 2959 1008 3017 praestitissent:
1026 2969 1090 3017 quas
1107 2958 1163 3021 ipse

182 3038 220 3072 res
236 3025 262 3072 in
279 3023 443 3085 defendendis
457 3027 540 3086 sociis,
560 3040 673 3088 quasque
691 3027 716 3073 in
733 3026 910 3090 oppugnandis
928 3025 1032 3075 urbibus
1049 3023 1162 3075 hostium

180 3093 315 3157 gessisset,
341 3094 473 3158 exposuit,
491 3103 516 3143 et
535 3095 568 3144 ad
585 3095 681 3156 reliqua
699 3093 760 3142 belli
777 3093 920 3143 cohortatus
937 3102 975 3143 est
992 3093 1082 3158 paneis
1101 3093 1162 3144 edo-

180 3169 249 3220 ctos,
274 3170 395 3223 quantum
410 3163 549 3228 hispaniae
566 3163 711 3227 provinciae
730 3165 876 3223 interesset,
902 3177 963 3212 suns
981 3169 1067 3227 partes
1085 3176 1162 3227 supe-

181 3232 259 3280 riores
272 3243 335 3279 esse.
356 3231 461 3282 dimisso
475 3232 566 3282 deinde
585 3241 718 3290 conventu,
734 3231 860 3294 iussisque
875 3233 991 3281 omnibus
1003 3231 1066 3280 bono
1080 3233 1162 3281 animo

179 3315 243 3358 esse,
260 3307 334 3364 atque
353 3301 379 3350 in
397 3303 512 3352 civitates
528 3301 611 3350 redire
628 3315 702 3360 snas,
727 3301 854 3365 principio
871 3301 938 3350 veris
954 3301 989 3350 M.
1008 3299 1160 3365 Perpernam

179 3383 238 3418 cum
254 3367 346 3433 viginti
364 3371 465 3421 milibus
488 3370 618 3436 peditum,
642 3370 768 3432 equitibus
786 3368 857 3417 mille
875 3370 1034 3434 quingentis,
1058 3372 1083 3418 in
1102 3369 1161 3418 iler-

180 3451 286 3485 caounm
305 3447 405 3503 gentem
424 3441 499 3500 misit,
521 3439 553 3488 nd
574 3439 693 3488 tuendam
712 3439 823 3503 regionis
841 3439 895 3487 elus
909 3439 1061 3488 maritimam
1075 3451 1160 3495 oram;
