2598 3956
358 203 574 264 tsseunxult.
597 205 679 264 cnr.
692 213 717 266 1.
729 215 757 267 a.
779 211 861 282 [ac.
875 213 936 281 rra]
1079 205 1141 276 131

156 353 217 425 ire;
240 354 328 416 cuius
348 353 502 429 ingentem
522 355 647 416 modum
667 355 830 432 possidere
844 354 981 434 privatos
996 359 1141 436 paulatim

155 436 343 516 proterendo
359 437 438 498 lines
453 438 623 499 constabat.
644 436 695 499 hie
709 439 803 502 iratus
814 437 1029 515 Praenestinis,
1045 443 1139 519 quod,

155 539 224 585 oum
250 537 288 584 eo
313 521 451 598 privatus
476 521 619 584 sacrificii
640 521 671 582 ia
691 523 806 599 templo
826 523 980 586 Fortunae
1004 525 1139 588 faciundi

156 621 251 668 causa
264 605 423 682 proiectus
438 612 530 680 esset,
545 602 619 666 nihil
634 606 665 665 in
677 621 712 666 se
721 605 891 668 honorilice
905 622 1008 684 neque
1017 609 1140 684 publice

155 705 257 766 neque
271 689 411 765 privatim
426 689 538 751 iactum
553 688 789 751 aPraenestinis
799 698 892 765 esset,
907 687 1089 768 priusquam
1099 693 1139 756 ab

154 775 253 836 Roma
267 772 525 850 proficisceretur,
539 772 654 834 litteras
668 773 834 834 Praeneste
848 772 939 850 misit,
954 782 988 836 ut
1002 775 1060 838 sibi
1075 791 1139 838 me-

155 858 300 933 gistratus
316 855 438 916 abdam
452 855 559 931 exiret,
573 857 674 918 iocum
687 857 810 932 publice
820 864 952 934 pararet,
966 857 1018 920 ubi
1031 859 1139 921 dever-

154 940 276 1015 teretur,
291 939 495 1016 iumentaque,
508 954 578 1000 cnm
589 939 687 1002 exiret
697 941 777 1014 inde,
794 948 918 1016 praesto
929 949 1045 1009 essent.
1068 949 1138 1006 ante

155 1025 238 1087 hunc
258 1023 418 1096 consulem
438 1037 528 1085 nemo
549 1040 695 1100 umquam
706 1023 804 1085 sociis
818 1023 848 1084 in
863 1025 925 1086 ulle
938 1041 972 1087 re
987 1027 1072 1087 oneri
1087 1034 1140 1089 aut

156 1105 292 1184 sumptui
311 1107 375 1169 init.
407 1105 480 1169 ideo
500 1107 696 1183 magistratus
715 1107 805 1169 mulis
826 1109 1094 1186 tabernaculisque
1109 1119 1139 1173 et

155 1192 236 1254 omni
256 1191 317 1253 alio
338 1191 540 1254 instrumento
560 1192 680 1253 militari
701 1192 902 1267 omabantur‚
922 1208 962 1254 ae
982 1190 1058 1270 quid
1077 1195 1138 1256 tale

154 1277 339 1352 imperarent
353 1274 457 1338 sociis.
484 1276 603 1351 privata
616 1274 750 1352 hospitia
764 1275 932 1337 habebanta
952 1293 992 1338 ea
1005 1276 1138 1354 benigne

154 1359 342 1437 comiterque
353 1359 511 1430 colebant;
527 1359 701 1436 domusque
715 1375 821 1420 eorum
831 1359 948 1422 Romae
962 1360 1136 1437 hospitibus

154 1442 315 1520 patebant,
331 1443 415 1521 apud
430 1459 510 1520 quos
525 1444 603 1520 ipsis
618 1443 733 1504 deverti
748 1459 816 1506 mos
830 1451 924 1505 esset.
952 1443 1059 1520 legati,
1082 1443 1136 1522 qui

44 1527 46 1532 '
152 1533 280 1604 repente
300 1525 403 1604 aliquo
424 1527 627 1602 mitterentur,
648 1527 769 1602 singula
789 1527 923 1588 iumenta
939 1543 997 1604 per
1012 1528 1136 1605 oppida,

153 1613 285 1688 iterque
299 1611 474 1674 faciundum
489 1620 563 1686 erat,
578 1611 781 1688 imperabantz
804 1613 894 1672 etiam
905 1612 1075 1688 impensam
1085 1627 1136 1674 so·

153 1697 193 1758 cii
206 1693 238 1758 in
252 1697 447 1772 magistratus
462 1695 618 1757 Romanos
639 1710 701 1756 non
722 1695 883 1756 iaciebant.
916 1695 989 1756 inde
1004 1696 1049 1756 ira
1064 1711 1134 1757 eon·

153 1776 245 1855 salis,
260 1779 379 1842 etiamsi
392 1780 474 1842 iusta
488 1795 550 1842 non
565 1786 665 1841 tamen
680 1777 711 1840 in
725 1779 903 1854 magistratu
917 1779 1091 1840 exercenda
1106 1787 1138 1840 et

153 1863 303 1926 silentimn
315 1861 404 1925 nimis
416 1869 468 1925 aut
477 1863 650 1925 modestum
660 1870 712 1924 aut
722 1861 859 1924 timidum
869 1861 1136 1926 Praenesbnorum

152 1948 211 2023 ius,
226 1948 310 2009 velut
322 1948 453 2024 probato
468 1947 619 2023 exemplo,
633 1943 859 2022 magistratibus
874 1947 947 2008 iecit
960 1945 1135 2022 graviorum

152 2029 183 2092 in
198 2031 270 2092 diesw
280 2031 349 2093 talis
363 2034 484 2107 generis
499 2029 706 2106 imperiorum.

237 2113 274 2175 ll.
295 2113 447 2193 Principio
472 2114 563 2176 huius
583 2115 654 2176 anni
674 2115 781 2190 legati,
809 2113 861 2190 qui
881 2112 913 2174 in
933 2115 1086 2176 Aetoliam
1106 2122 1137 2174 et

151 2197 363 2262 Macedoniam
388 2198 474 2260 missi
495 2204 597 2273 erant,
621 2198 832 2260 renuntiarunt
852 2197 911 2258 sibi
931 2195 1134 2259 conveniendi

155 2282 238 2359 regis
251 2281 366 2359 Persei,
381 2299 450 2345 enm
464 2281 514 2342 alii
528 2281 641 2344 abesse
654 2296 740 2357 eum,
755 2280 804 2342 atii
819 2295 944 2356 aegrum
959 2296 1040 2354 esse,
1056 2281 1135 2341 ialso

153 2372 326 2444 utrumque,
341 2367 499 2444 tingerent,
515 2371 697 2444 potestatem
712 2381 775 2428 non
790 2366 910 2427 laeum
931 2364 1021 2426 tacite
1034 2371 1135 2426 tamen

153 2451 336 2528 apparuisse
351 2449 410 2514 sibi
424 2465 505 2512 nnnc
517 2451 630 2512 bellum
645 2449 755 2526 parari,
771 2464 830 2510 nec
840 2449 922 2510 ultra
936 2447 977 2509 ad
991 2463 1076 2509 arma
1090 2446 1135 2508 ire

152 2535 324 2597 dilaturum.
345 2533 416 2597 item
431 2535 461 2594 in
473 2535 593 2596 Aetolia
607 2534 789 2596 seditionem
803 2533 934 2610 gliscere
948 2533 1067 2605 indies,
1082 2545 1135 2590 ne·

153 2631 214 2694 que
231 2617 455 2681 discordiarum
474 2617 631 2695 principes
650 2617 830 2680 auctoritate
851 2632 908 2680 sua
929 2616 1065 2678 coerceri
1079 2629 1135 2691 po·

151 2702 258 2764 unisse.
287 2717 355 2765 cum
375 2703 489 2764 bellum
504 2701 736 2764 Macedonicum
750 2701 779 2762 in
795 2700 1027 2776 exspectatione
1041 2704 1136 2770 esset,

151 2786 332 2864 priusquam
352 2785 384 2846 id
409 2784 631 2866 susciperetur,
660 2784 802 2860 prodigia
823 2782 941 2858 expiari
962 2796 1136 2860 pacemque

152 2869 243 2932 deum
263 2869 330 2947 peti¹
348 2868 588 2946 precationibus,
612 2869 664 2944 qui
683 2867 756 2929 editi
774 2882 813 2928 ex
828 2864 971 2928 tatalibus
984 2864 1071 2926 libris
1086 2880 1136 2926 es·

153 2960 231 3031 sent,
246 2953 369 3031 placuit.
394 2952 522 3015 Lanuvii
537 2951 647 3014 elassis
661 2964 791 3028 magnae
805 2949 928 3027 species
942 2948 974 3011 in
989 2950 1075 3010 caelo
1090 2949 1149 3009 vi·-

152 3052 207 3098 sae
227 3037 422 3113 dicebantur,
440 3044 473 3098 et
485 3035 619 3099 Priverni
639 3038 710 3097 lane
729 3036 815 3113 pulla
833 3042 915 3097 terra
934 3039 1039 3110 enata,
1061 3040 1092 3096 et
1104 3033 1135 3093 ia

152 3121 271 3185 Veienti
282 3121 364 3198 apud
372 3122 550 3184 Rementem
560 3121 736 3198 lapidatum,
743 3118 936 3196 Pomptinum
948 3133 1040 3180 omne
1051 3119 1136 3180 velut

152 3204 285 3268 nubibus
299 3207 486 3269 locustarum
501 3212 678 3282 coopertum
694 3219 776 3277 esse,
794 3203 825 3264 in
841 3202 958 3266 Gallico
973 3219 1058 3280 agro,
1074 3216 1138 3276 qua

151 3289 498 3363 inducereturaratrum,
514 3289 573 3351 sub
583 3286 803 3351 exsistentibus
813 3287 911 3364 glebis
922 3285 1026 3363 pisces
1038 3297 1138 3344 emer·

151 3371 244 3435 sisse.
273 3373 314 3436 ob
333 3373 411 3435 haee
433 3373 653 3451 prodigiutibri
667 3373 775 3434 letales
789 3371 937 3448 inspecti,
959 3369 1137 3461 editumque

152 3455 388 3520 abdecemviris
402 3464 464 3533 est,
480 3464 510 3520 et
524 3456 636 3533 quibus
650 3457 709 3519 diis
724 3455 901 3534 quibusque
913 3450 1026 3576 bestiis
1041 3463 1139 3512 saen-
