2592 3964
256 217 516 280 Lmuammlx.
540 219 926 294 anonomaston
1049 219 1091 286 43

105 368 141 428 P.
157 366 291 428 Licinius
304 367 433 427 Crassus
447 357 583 442 pontifex
598 368 747 429 maximus
761 375 899 431 mortuus
915 378 976 448 est,
993 371 1028 432 in
1039 388 1092 434 cu-

106 452 158 513 ius
173 452 273 511 locum
288 450 329 510 Μ.
348 451 549 526 Sempronius
564 451 730 512 Tuditanus
747 454 884 528 pontifex
903 463 951 516 est
965 463 1091 532 coopta-

106 544 174 607 tus,
192 533 330 610 pontifex
345 535 496 596 maximus
513 541 562 596 cst
582 541 702 596 oreatus
725 535 756 596 c.
772 535 919 599 Servilius
935 539 1091 601 Geminus.

104 619 142 679 P.
154 618 261 681 Licinii
274 618 388 678 luneris
400 633 495 679 causa
505 617 669 679 visceratio
682 619 767 694 data,
781 626 812 681 et
821 621 1006 697 gladiatores
1020 639 1091 684 cen-

105 712 173 764 tum
188 702 293 777 viginti
309 709 537 777 pugnaverunt,
552 710 582 762 et
595 701 658 762 ludi
674 702 817 764 funebres
830 720 886 779 per
899 706 1031 769 triduum
1047 708 1090 766 la·

106 787 165 860 cti,
185 791 258 861 post
272 785 363 846 ludos
379 786 511 862 epulum.
540 787 570 846 in
584 800 646 862 quo
668 802 737 847 cum
757 792 822 848 toto
843 789 910 850 loro
932 795 1026 850 strata
1040 789 1090 851 tri-

105 869 201 931 clinia
214 875 334 942 essent,
350 876 517 945 tempestas
532 885 600 931 cum
622 870 739 946 magnis
758 873 902 946 procellis
918 880 1025 935 coorta
1040 889 1091 934 co·

107 955 170 1030 egit
184 955 352 1030 plerosque
366 952 562 1016 tabernacula
576 961 709 1016 statuere
721 955 751 1015 in
768 956 851 1014 loro:
874 957 982 1018 eadem
996 957 1090 1032 paulo
1155 1008 1157 1012 .

106 1044 195 1114 post,
212 1052 281 1097 cum
294 1036 431 1114 undique
446 1037 686 1110 disserenasset‚
708 1037 844 1109 sublata;
867 1039 1091 1118 defunctosque

106 1123 201 1196 vulgo
223 1119 361 1182 terebant
381 1121 465 1196 quod
485 1121 563 1182 inter
589 1120 693 1182 satalia
711 1130 799 1183 vates
820 1123 1017 1198 cecinissent,
1038 1140 1089 1184 ne·

107 1221 201 1267 cesse
213 1219 285 1265 esse
297 1204 494 1266 tabernacula
509 1205 539 1265 in
554 1206 621 1266 loro
637 1205 737 1266 statui.
767 1207 825 1268 hac
844 1207 993 1282 religione
1008 1208 1089 1267 leva-

106 1288 147 1352 tis
162 1289 259 1349 altera
272 1287 397 1364 iniecta,
413 1289 497 1364 quod
512 1289 661 1364 sanguine
677 1303 733 1364 per
751 1290 878 1350 biduum
894 1291 1045 1366 pluvisset
1058 1292 1089 1350 in

107 1387 183 1434 area
196 1372 343 1443 Vulcani;
358 1379 388 1432 et
401 1388 458 1448 per
480 1373 672 1434 decemviros
693 1373 878 1448 supplicatio
899 1373 1013 1434 indicta
1026 1382 1091 1436 erat

108 1459 176 1518 eius
192 1456 324 1531 prodigii
340 1455 484 1532 expiandi
500 1471 604 1519 causa.

192 1527 373 1615 Priusquam
395 1541 540 1601 consules
561 1539 591 1599 in
614 1539 790 1616 provincias
812 1539 1089 1616 proficiscerentur,

109 1624 280 1700 legationes
303 1625 521 1686 transmarinas
542 1624 572 1684 in
595 1629 734 1685 senatum
756 1623 999 1686 introduxerunt.
1033 1640 1090 1686 nec

109 1723 255 1782 umquam
269 1715 338 1768 ante
353 1715 467 1768 tantum
481 1707 615 1783 regionis
637 1708 704 1768 eius
724 1706 881 1769 hominum
893 1709 1011 1770 Romae
1025 1709 1089 1769 iue-

108 1797 166 1852 rat.
197 1807 267 1851 nam
282 1807 320 1850 ex
337 1807 397 1867 quo
414 1793 495 1851 lama
509 1806 565 1866 per
578 1797 700 1866 gentse,
716 1806 796 1868 quae
811 1791 1024 1855 Macedoniam
1039 1807 1088 1852 ac·

108 1875 231 1950 colunt,
248 1876 371 1950 vulgata
384 1880 433 1935 est
455 1874 580 1935 crimina
604 1875 874 1951 querimoniasque
896 1876 935 1936 de
949 1875 1088 1953 Philippo

109 1974 172 2019 non
192 1957 388 2034 neglegenter
401 1957 439 2018 ab
460 1957 606 2020 Romanis
627 1958 741 2033 audiri,
762 1959 864 2021 multis
885 1975 999 2036 operae
1020 1974 1089 2036 pre-

109 2041 184 2104 tium
202 2041 299 2102 fulsse
322 2042 422 2118 queri,
454 2058 510 2118 pro
532 2058 567 2103 se
588 2057 729 2117 quaeque
750 2042 888 2104 civitates
909 2048 1088 2119 gentesque,

108 2125 223 2202 singuli
231 2124 320 2187 etiam
335 2125 637 2202 privatim—gravis
653 2125 732 2185 enim
747 2128 855 2186 accola
870 2127 1010 2188 omnibus
1025 2133 1090 2187 erat

109 2241 152 2256 ·-
165 2209 295 2270 Romam
315 2210 422 2271 autad
437 2225 526 2284 spem
540 2209 690 2270 levandae
705 2208 833 2268 iniuriae
847 2217 900 2270 aut
915 2209 953 2269 ad
970 2209 1088 2268 dellen-

108 2294 169 2354 dae
185 2293 328 2354 solatium
342 2300 500 2353 venerunt.
531 2299 560 2353 et
581 2292 619 2352 ab
640 2292 776 2353 Eumene
796 2307 870 2368 rege
889 2291 1002 2366 legatio
1018 2306 1088 2352 oum

108 2377 203 2436 tratre
218 2377 283 2438 eius
297 2375 457 2438 Athenaeo
473 2377 556 2438 venit
569 2375 610 2437 ad
622 2375 812 2452 querendum
823 2375 913 2438 simul
929 2375 1013 2449 quod
1028 2391 1089 2435 non

107 2461 334 2526 deducerentur
348 2476 389 2521 ex
403 2460 531 2521 Thracia
544 2460 714 2537 praesidia,
729 2459 821 2522 simul
839 2459 967 2536 quodie
984 2458 1089 2535 Bithy-

108 2544 191 2604 niam
204 2543 330 2604 Prusiae
346 2542 459 2604 bellum
481 2544 631 2604 adversus
650 2543 817 2604 Eumenem
839 2542 957 2618 gerenti
976 2543 1090 2603 auxilia

107 2626 206 2706 missa
227 2628 334 2688 lorent.
376 2627 494 2688 XLVll.
517 2627 767 2702 respondendum
792 2627 833 2687 ad
858 2625 961 2688 omnia
986 2625 1089 2686 iuveni

107 2719 172 2772 tum
187 2711 353 2772 admodum
366 2711 519 2772 Demetrio
535 2719 615 2785 erat,
642 2726 711 2772 cum
735 2710 817 2771 haud
833 2709 923 2770 laoile
937 2716 1022 2771 esset
1037 2716 1090 2770 aut

107 2811 146 2876 ca
164 2809 245 2870 quae
260 2793 467 2870 obicerentur,
484 2800 536 2854 aut
551 2810 629 2868 quae
641 2795 792 2854 adversus
804 2808 841 2853 eu
852 2793 983 2853 dicenda
994 2797 1089 2867 erant,

106 2877 255 2940 memoria
266 2877 436 2954 complecti.
461 2893 518 2938 neo
530 2877 610 2938 enim
620 2878 713 2938 multa
724 2878 841 2954 solum,
855 2877 910 2938 sed
924 2875 1012 2936 etiam
1025 2876 1090 2952 ple·

106 2977 206 3040 raquo
221 2961 337 3040 oppido
354 2977 445 3038 quam
460 2977 557 3038 parva
572 2968 671 3034 erant,
694 2962 734 3022 de
750 2959 960 3022 controversia
973 2959 1088 3034 finium,

108 3047 148 3107 de
169 3044 344 3109 hominibus
364 3045 461 3121 raptis
484 3043 711 3121 pecoribusque
734 3045 866 3118 abactis,
889 3044 928 3105 de
950 3043 1017 3105 iure
1037 3049 1090 3104 'aut

106 3131 189 3192 dicto
206 3145 263 3206 per
275 3128 431 3191 libidinem
452 3136 503 3189 aut
522 3145 584 3188 non
602 3128 699 3201 dicto,
721 3129 761 3188 de
780 3127 872 3188 rebus
888 3143 945 3204 per
960 3127 1022 3188 vim
1036 3133 1090 3188 aut

107 3215 305 3290 pergratiam
319 3213 471 3274 indicatis.
500 3212 574 3272 nihil
589 3211 696 3273 horum
715 3226 817 3287 neque
833 3212 1016 3274 Demetrium
1032 3211 1087 3269 do-

108 3311 179 3359 cere
195 3297 329 3360 dilucide
350 3312 408 3357 nec
427 3312 462 3358 se
484 3296 559 3358 satis
578 3295 694 3372 liquido
717 3295 837 3357 discere
851 3293 890 3354 ab
906 3311 944 3356 eo
961 3299 1086 3354 senatus

109 3396 177 3442 cum
194 3387 332 3452 corrueret
351 3395 465 3456 posse,
488 3380 577 3441 simul
599 3386 629 3439 ct
647 3377 788 3440 tirocinio
809 3386 839 3439 et
859 3375 1088 3453 perturbatione

108 3465 227 3526 invenis
242 3470 430 3538 moveretur,
447 3463 550 3538 quaeri
566 3462 654 3524 iussit
665 3462 703 3524 ab
719 3477 773 3540 eo,
789 3476 918 3537 ecquem
929 3460 969 3520 de
979 3458 1028 3519 his
1038 3472 1089 3517 re·
