2598 3956
286 203 402 265 LIBER
416 204 491 264 XLI·
514 204 597 266 chit
613 213 639 266 1.
662 211 699 278 [a.
710 209 745 263 U.
758 210 1009 279 antecellet]
1078 204 1140 270 103

158 357 219 427 vit;
241 354 363 416 inieris
382 354 530 432 publicis,
549 355 602 416 ubi
616 356 831 416 lectisternium
846 364 926 430 erat,
947 356 1074 418 deorum
1090 371 1140 418 ca-

158 441 237 517 pita,
263 453 344 515 quac
364 437 395 500 ln
416 439 503 500 lectis
523 446 624 514 eraut,
649 445 824 501 averterunt
844 455 895 515 se,
919 441 1051 517 lanaque
1071 454 1141 503 cum

158 523 388 599 integumentis,
411 537 491 601 quae
505 523 570 585 lovi
591 522 737 601 opposita
750 523 814 599 luit,
828 523 950 586 decidit.
980 524 1141 587 demensa

158 609 245 668 cleas
267 622 394 686 quoque
413 615 635 685 praegustasse
654 622 757 669 mures
779 609 809 668 in
830 607 1003 685 prodigium
1016 624 1140 671 versum

158 699 215 753 est.
244 691 284 752 ad
298 705 336 752 ea
350 692 506 768 expianda
523 691 597 752 nihil
611 692 691 752 ultra
705 706 796 769 quarn
810 700 844 754 ut
858 692 922 754 indi
936 692 1139 754 instauraren-

156 781 389 838 turactnmest.
1105 783 1108 788 ’

549 967 750 978 numm--

484 1176 626 1270 llll
668 1177 805 1272 llll

436 1327 491 1387 ΑΒ
512 1327 630 1390 URBE
653 1327 857 1392 CONDITA

542 1443 654 1506 tisun
674 1441 748 1506 xm.

648 1575 726 1583 0⁴...—

175 1663 328 1718 EPITOME.
356 1666 426 1732 Ignis
444 1667 470 1716 in
488 1667 551 1717 aede
563 1666 658 1718 Vestae
675 1666 815 1718 exstinctus
833 1673 881 1716 eat.
917 1665 958 1716 Ti.
971 1663 1137 1733 Sempronius

209 1733 338 1785 Gracchus
356 1735 493 1801 proconsul
506 1735 644 1786 Celtiberos
657 1737 739 1788 victos
750 1735 778 1785 in
791 1733 946 1786 deditionem
957 1737 1064 1802 accepit,
1081 1753 1136 1790 mo·

207 1812 406 1867 numentumque
424 1817 529 1870 operum
544 1818 649 1860 sucrum
664 1801 828 1856 Gracchurim
841 1804 966 1869 oppidum
978 1805 1005 1854 in
1015 1803 1138 1871 Hispania

208 1873 352 1933 constitnit;
374 1881 399 1923 et
411 1887 427 1922 a
437 1874 569 1924 Postumio
581 1873 674 1925 Albino
687 1871 840 1940 proconsule
856 1871 966 1923 Vaccaei
979 1887 1010 1924 ac
1020 1873 1138 1926 Lusitnni

207 1943 307 1994 subacti
324 1949 391 1994 sunt.
423 1951 529 2006 uterque
543 1942 720 2010 triumphavit.
750 1940 891 1993 Antiochus
913 1941 1033 1994 Antiochi
1056 1940 1136 2006 tlflna,

206 2013 282 2063 obses
292 2011 414 2062 Romanis
428 2027 444 2062 a
455 2021 528 2078 patra
539 2012 615 2064 datus
626 2019 725 2064 mortuo
738 2012 814 2063 luntre
825 2009 941 2072 Seleuco,
956 2013 1000 2076 qni
1010 2012 1077 2079 patri
1091 2012 1135 2066 ‹le-

208 2080 295 2131 lnnctc
306 2091 476 2142 successerat,
492 2082 518 2132 in
529 2096 636 2147 regnum
650 2079 738 2149 Syriae
754 2082 786 2132 ab
803 2081 865 2131 urbe
883 2081 1020 2142 dimissus,
1037 2088 1138 2148 praeter

206 2149 426 2218 religionemque
437 2149 517 2200 muita
529 2149 625 2216 templa
637 2150 773 2216 magnilica
784 2149 871 2200 multis
882 2149 945 2200 locis
957 2151 1046 2212 erexit,
1056 2149 1136 2201 Athe·

207 2220 247 2270 nis
259 2217 327 2269 lovis
337 2215 449 2285 Olympii
459 2227 484 2269 et
493 2219 648 2270 Antiocheae
657 2217 802 2285 Capitolini,
813 2217 966 2268 vilissimum
976 2231 1065 2285 regem
1073 2220 1135 2286 egit.

204 2288 314 2338 lustrum
325 2302 342 2337 a
353 2287 500 2338 censoribus
512 2288 641 2339 conditum
653 2295 706 2338 est:
726 2301 803 2338 censa
817 2293 875 2336 sunt
887 2287 980 2336 civium
992 2288 1077 2353 capita
1087 2287 1136 2338 uln-

206 2364 279 2408 cento
288 2359 425 2424 sexaginte
435 2357 484 2408 tria
499 2355 570 2408 milia
579 2356 688 2407 (lucente
700 2357 839 2424 nonninus
847 2362 974 2419 quattuor.
1008 2355 1039 2418 0.
1052 2356 1136 2408 Vono-

204 2426 262 2476 nius
277 2424 348 2478 Saxa
357 2427 474 2477 tribunus
485 2425 568 2493 plebis
578 2425 661 2494 legem
673 2425 745 2486 tulit,
759 2441 791 2478 ne
803 2425 861 2491 quis
871 2423 992 2476 heredem
1002 2424 1136 2476 mulierem

206 2494 357 2545 institueret.
387 2497 468 2546 suasit
480 2495 564 2563 legem
575 2495 610 2545 Μ.
624 2494 700 2547 Cato:
720 2501 802 2546 exstat
814 2495 895 2546 oratio
912 2490 977 2546 eins.
1006 2503 1137 2561 praeterae

203 2577 245 2613 res
257 2569 344 2615 contra
355 2565 465 2632 Ligures
475 2564 573 2616 Histros
586 2562 680 2616 Sardos
691 2572 716 2615 et
726 2564 890 2616 Celtiberosa
901 2563 1075 2632 compluribus
1088 2563 1136 2615 ‹iu-

205 2631 276 2683 ribus
294 2647 417 2700 prospere
437 2641 523 2700 gestes
540 2643 565 2684 et
578 2635 652 2684 initia
668 2633 729 2686 belli
745 2633 902 2685 Macedonici
921 2634 1047 2694 continet,
1065 2631 1136 2698 quod

204 2703 312 2754 Perseus
329 2701 442 2768 Philippi
459 2701 528 2753 tilius
544 2702 703 2754 moliebatur.
738 2704 842 2754 miserat
860 2702 893 2752 ad
912 2701 1136 2769 Carthaginienses

196 2769 366 2891 legationem,
379 2781 404 2823 et
416 2772 448 2822 ab
460 2772 492 2822 iis
503 2780 576 2822 nocte
589 2773 678 2824 audita
688 2779 750 2822 erat
774 2772 821 2823 sed
832 2778 857 2819 et
867 2771 931 2820 alies
942 2769 1061 2822 Graeciae
1074 2772 1136 2823 civi-

194 2842 268 2891 tates
281 2840 320 2891 sol
339 2841 443 2892 citabat.

235 2953 258 3012 l.
277 2951 336 3014 **a
346 2961 434 3030 patre
445 2951 475 3013 in
489 2951 567 3028 pace
578 2951 711 3015 habitam
719 2967 866 3028 arctasse,
873 2961 977 3030 eoque
988 2953 1135 3014 iuventuti

150 3035 321 3109 praedandi
341 3037 474 3115 cupidae
496 3044 656 3115 pergratus
677 3053 750 3098 esse
770 3036 937 3098 dicebatur.
970 3037 1133 3098 consilium

151 3117 191 3177 de
204 3117 337 3182 Histrico
357 3121 439 3185 bello
461 3137 531 3184 cum
545 3122 671 3184 haberet
686 3121 810 3195 consul,
831 3121 882 3181 alii
896 3121 1064 3198 gerendum
1080 3137 1133 3182 ex-

149 3203 279 3278 tempio,
298 3212 460 3281 antequam
474 3205 656 3268 contrahere
671 3207 779 3282 copias
793 3207 900 3266 hostes
915 3213 1061 3282 possent,
1083 3204 1132 3264 alii

150 3287 374 3349 consulendum
399 3290 485 3365 prius
507 3296 647 3352 senatum
672 3288 849 3352 censebant.
880 3291 953 3351 vicit
972 3286 1134 3361 sententia,

150 3385 231 3444 quae
253 3371 334 3434 diem
348 3387 410 3433 non
430 3373 614 3449 prolatabat.
643 3375 799 3450 protectus
814 3375 853 3434 ab
867 3372 1010 3452 Aquileia
1025 3369 1133 3431 consul

149 3460 251 3516 castra
274 3457 314 3517 ad
334 3456 435 3518 lacum
453 3459 568 3519 Timavi
593 3457 712 3536 poscite
738 3459 873 3519 imminet
892 3457 969 3518 mari
989 3455 1016 3516 is
1036 3455 1134 3514 luctas.
