2570 3952
221 229 336 290 5151111
351 230 440 289 xlv.
462 230 544 290 cna.
558 239 601 292 15.
618 240 660 294 ro.
675 233 712 310 [a.
728 239 761 291 5.
775 255 797 290 c.
809 241 870 295 555.
882 255 905 290 a.
919 240 953 293 c.
966 236 1027 313 555]
1052 233 1116 298 257

130 381 246 444 nedum
267 380 367 442 ordini
388 382 531 443 55155555
551 384 686 446 adimere
707 401 812 460 posse.
848 402 948 462 neque
969 389 1065 462 enim,
1087 389 1115 450 si

131 466 212 528 tribu
233 480 357 526 movere
377 475 499 541 posset,
520 467 606 542 quod
624 469 668 528 sit
686 468 761 529 nibil
781 470 864 530 aliud
885 487 978 546 quam
996 479 1114 532 maure

129 550 236 610 iubere
250 549 370 624 tribum,
386 547 455 609 ideo
470 548 610 618 omnibus
630 551 766 628 quinque
786 559 817 614 et
834 554 958 628 triginta
965 555 1112 616 1511551555

129 647 274 692 emovere
296 647 405 708 posse,
430 632 463 692 id
484 640 533 694 est
553 633 703 695 civitatem
723 629 955 712 libertatemque
976 638 1112 714 eripere;

129 731 193 778 non
206 714 259 776 ubi
274 722 437 777 censeatur
451 715 546 788 linire,
563 715 619 776 sed
634 732 731 779 censu
745 719 919 779 excludere.
942 719 1019 781 haec
1034 722 1113 782 inter

129 801 218 875 ipsos
236 799 415 874 disceptata.
438 806 595 874 postremo
606 815 645 860 eo
658 801 843 862 descensum
858 810 913 874 est,
929 808 962 863 ut
974 819 1014 862 ex
1026 813 1113 880 quat·

128 891 200 944 tuor
212 882 339 943 urbanis
354 881 493 944 tribubus
504 899 596 944 unam
610 886 711 959 palam
732 885 762 944 in
783 886 859 946 atrio
873 885 1033 948 Libertatis
1046 904 1112 949 sor-

127 967 272 1040 tirentur,
293 966 324 1025 in
347 982 436 1041 qnam
459 982 565 1027 omnes
587 967 638 1042 qui
654 969 831 1030 servitutem
846 969 1014 1031 servissent
1027 969 1111 1032 coni·

127 1056 243 1110 cerent.
264 1049 440 1125 Esquilinae
448 1067 518 1112 sors
526 1050 614 1111 exiit=
629 1051 1111 1128 1555111155551555555555115-

127 1135 173 1194 vit
183 1133 340 1194 libertinos
356 1149 462 1194 omnes
478 1133 598 1196 censeri
612 1135 743 1209 placere.
765 1152 875 1212 magno
891 1152 991 1198 eares
1002 1136 1112 1199 1555551

128 1217 311 1278 censoribus
323 1217 407 1291 apud
419 1223 556 1277 senatum
569 1218 632 1278 luit.
650 1220 766 1292 gratiae
777 1227 863 1280 55155
874 1228 905 1281 51
916 1219 1110 1296 Sempronio,

130 1300 185 1375 qui
200 1298 231 1360 in
245 1300 325 1361 bene
341 1308 451 1376 coepto
467 1309 706 1376 perseverasset,
722 1309 753 1362 et
768 1302 902 1376 Claudio,
918 1303 970 1378 qui
981 1320 1042 1364 non
1057 1305 1112 1364 im-

127 1383 277 1459 pedisset.
317 1384 421 1458 plures
438 1400 528 1459 quarn
545 1384 584 1444 ab
599 1383 811 1459 superioribus
833 1394 863 1447 et
878 1394 987 1447 senatu
1000 1387 1109 1448 remoti

129 1474 202 1528 sunt
216 1474 246 1528 et
259 1482 358 1543 equos
375 1468 507 1528 vendere
521 1467 607 1527 iussi.
644 1483 751 1530 omnes
773 1468 865 1529 iidem
882 1469 920 1528 ab
936 1476 1066 1544 utroque
1081 1478 1111 1531 51

128 1549 210 1610 tribu
224 1552 296 1612 moti
311 1558 342 1610 et
355 1551 465 1611 aerarii
480 1552 568 1620 lacti3
591 1567 694 1627 neque
708 1552 808 1624 ullius,
830 1568 921 1628 quem
935 1554 1011 1614 51155
1025 1561 1112 1613 nota·

130 1641 187 1705 ret,
210 1633 248 1694 ab
264 1636 359 1695 altero
379 1636 479 1695 levata
493 1634 666 1709 ignonrinia.
702 1635 891 1712 petentibus,
911 1647 945 1698 ut
965 1652 1004 1696 ex
1025 1637 1110 1697 insti-

130 1725 193 1778 tuto
216 1717 255 1778 ad
277 1725 360 1778 sarta
379 1725 460 1778 tecta
480 1719 631 1793 exigenda
645 1726 675 1779 et
689 1721 728 1779 ad
749 1735 845 1794 opera
860 1735 940 1794 quae
955 1722 1111 1781 locassent

128 1799 289 1876 probanda
304 1804 375 1861 anui
390 1810 420 1864 51
434 1817 490 1863 sex
504 1817 643 1863 mensum
659 1810 780 1877 tempus
803 1810 1033 1877 prorogaretur,
1056 1803 1110 1863 Cn.

126 1883 307 1945 Tremellius
331 1885 485 1958 tribunus,
513 1885 586 1960 quia
609 1885 706 1946 lectus
731 1899 793 1946 non
814 1893 878 1946 erat
902 1883 932 1944 in
959 1893 1110 1963 senatum,

129 1968 311 2028 intercessit.
943 1983 945 1989 ’

213 2051 330 2112 Eodem
351 2069 432 2112 anno
453 2051 484 2112 0.
507 2053 660 2113 Cicereius
682 2053 790 2113 aedem
807 2052 947 2113 Monetae
962 2051 992 2113 in
1008 2059 1110 2114 monte

132 2135 250 2196 Albano
266 2135 418 2197 dedicavit
433 2135 641 2210 quinquennio
657 2144 742 2210 post,
764 2153 855 2210 qnam
868 2135 961 2196 vovit
998 2135 1110 2196 llamen

130 2217 275 2279 Martialis
290 2220 488 2294 inauguratus
510 2227 558 2278 est
577 2234 615 2280 eo
633 2235 715 2278 anno
735 2219 768 2276 L.
782 2219 954 2280 Postumius
970 2217 1108 2278 Albinus

209 2303 288 2363 XVI.
313 2301 347 2377 Q.
360 2302 449 2363 Aelio
463 2301 503 2363 lt.
519 2301 605 2362 lunio
621 2301 799 2363 consulibus
820 2303 859 2362 de
880 2301 1047 2377 provinciis
1061 2317 1110 2361 re-

131 2386 298 2446 ierentibus
326 2401 475 2446 censuere
497 2393 601 2461 patres
626 2386 704 2447 duas
729 2385 905 2460 provincias
930 2383 1109 2460 Hispaniam

129 2485 237 2530 rursus
257 2468 339 2542 fieri,
361 2485 439 2545 quae
459 2486 522 2529 una
541 2485 597 2545 per
615 2469 728 2531 bellum
749 2467 981 2530 Macedonicum
995 2468 1109 2537 luerat;

103 2561 161 2614 ,51
184 2553 397 2614 Macedoniam
422 2554 639 2632 illyricumque
662 2554 798 2626 eosdem,
824 2552 857 2611 L.
878 2553 1003 2613 Paulum
1024 2560 1055 2612 51
1075 2552 1109 2611 L.

129 2636 286 2710 Anicium,
307 2636 454 2710 obtinere,
476 2637 576 2698 donec
591 2637 630 2697 de
649 2636 799 2698 sententia
818 2637 988 2712 legatorum
1008 2652 1060 2696 res
1080 2642 1111 2696 et

129 2720 211 2779 bello
236 2719 373 2779 turbatas
398 2727 429 2780 et
452 2721 482 2779 in
506 2727 616 2781 statum
641 2721 730 2780 alium
752 2734 791 2779 ex
810 2735 906 2794 regno
932 2718 1109 2780 formandas

130 2799 388 2877 composuissent.
423 2803 599 2864 consulibus
614 2803 701 2864 Pisae
722 2812 752 2864 et
766 2802 863 2862 Gallia
884 2803 1025 2863 decretae
1040 2816 1109 2862 cum

129 2886 209 2946 binis
230 2886 390 2961 teutonibus
409 2889 529 2961 quinam
548 2890 659 2948 milium
682 2887 816 2961 peditum
836 2893 866 2946 et
882 2885 1019 2960 equitum
1036 2900 1109 2959 qua·

131 2969 355 3044 dringenorum.
393 2977 565 3045 praetorum
585 2977 685 3031 sortes
701 2971 794 3042 luere,
818 2968 851 3044 Q.
871 2969 967 3030 Cassii
982 2968 1108 3040 urbana,

130 3051 181 3110 Μ’.
196 3053 323 3113 Iuventii
336 3053 471 3113 Thalnae
485 3053 562 3114 inter
576 3054 773 3129 peregrinos,
788 3053 831 3112 Ti.
848 3053 964 3114 Claudii
978 3052 1109 3113 Neronis

132 3133 244 3206 Sicilia,
261 3137 312 3196 Cn.
327 3135 423 3196 Fulvii
437 3136 585 3213 Hispania
600 3138 735 3206 citerior,
760 3137 791 3196 Ο.
811 3135 918 3197 Licinii
931 3136 1050 3196 Nervae
1063 3136 1110 3197 ul·
1164 3175 1166 3177 -

130 3216 234 3278 terior.
261 3220 299 3278 A.
314 3217 427 3279 Manlio
443 3221 597 3296 Torquato
620 3219 761 3281 Sardinia
784 3219 965 3280 obvenerat:
994 3217 1111 3293 nequiit

129 3301 176 3360 ire
190 3301 221 3362 in
237 3301 434 3377 provinciam,
449 3303 488 3363 ad
503 3319 553 3364 res
569 3303 715 3378 capitales
727 3303 919 3378 quaerendas
931 3318 971 3363 ex
983 3308 1110 3362 senatus

130 3387 271 3446 consulto
285 3391 431 3446 retentus.

210 3470 256 3530 Ile
277 3466 427 3546 prodigiis
448 3469 558 3531 deinde
574 3471 717 3530 nuntiatis
733 3477 858 3531 senatus
873 3475 923 3529 est
940 3467 1100 3528 consultus
