2570 3952
320 194 435 256 LIBER
449 195 538 256 XLV.
559 195 643 256 CAP.
656 203 700 258 23.
711 201 756 257 24.
772 201 808 270 [a.
825 197 856 257 G.
872 201 934 270 lot]
1041 193 1103 260 2⁷5

126 351 158 412 c.
171 347 320 425 Popillius
341 347 459 424 legatus
474 348 646 422 Romanus,
669 365 761 425 quem
775 350 816 411 ad
829 352 1072 414 summovendos
1085 368 1104 413 a
1128 401 1132 410 .

125 433 206 496 bello
227 431 410 494 Antiochum
430 437 461 494 ct
473 430 679 494 Ptolemaeum
694 448 786 508 reges
800 432 942 511 misistis,
963 436 1103 512 loquere·

125 525 183 579 tur.
206 516 263 576 sed
284 522 385 576 tarncn
400 530 439 576 ea
452 515 520 576 sive
533 516 679 591 superbia
693 516 761 578 sive
780 519 906 580 stultitia
921 520 1105 596 appellanda

125 608 188 676 est,
210 599 334 674 eadem,
351 614 431 675 quac
444 599 528 674 apud
541 615 615 676 vos,
631 607 662 661 et
674 600 759 676 apud
772 599 887 663 Persea
900 603 966 664 luit
987 610 1047 664 tam
1063 601 1104 664 ci·

124 684 262 746 vitatium
283 699 375 759 quam
396 682 585 758 singulorum
598 682 755 746 hominurn
769 701 871 748 mores
887 692 972 747 sunt:
995 695 1103 762 gentes

126 783 253 844 quoquo
267 767 345 828 aliae
359 765 532 842 iracundae,
554 767 632 828 aliae
645 768 790 843 audaces,
806 769 957 845 quaedam
971 768 1104 845 timidae,

125 850 156 912 in
168 850 282 925 vinum,
297 851 491 926 inveneram
503 850 665 927 proniores
677 851 755 912 aliae
766 860 846 913 sunt.
869 852 1104 914 Atheniensium

126 936 276 1012 populum
297 936 377 1016 lama
397 941 445 996 est
465 935 596 996 celerem
616 940 646 995 et
660 950 757 1012 supra
770 937 853 997 vires
868 937 1017 998 audacem
1031 951 1104 998 esse

125 1019 167 1081 ad
188 1019 377 1093 conandum,
397 1018 709 1081 Lacedaemoniorum
730 1026 939 1084 cunctatorem
959 1028 989 1082 et
1004 1017 1058 1082 vix
1072 1021 1103 1082 iu

125 1119 178 1174 ea,
204 1103 315 1178 quihus
336 1101 415 1174 fidit,
436 1100 666 1178 ingredientem.
696 1119 757 1164 non
778 1104 953 1180 negaverim
966 1112 996 1166 et
1009 1111 1103 1167 totam

124 1183 221 1247 Asiae
234 1183 392 1262 regionem
406 1185 543 1247 inaniora
557 1202 667 1263 parere
681 1186 812 1262 ingenia,
826 1195 856 1249 ct
870 1194 1045 1250 nostrorum
1056 1195 1103 1250 tu-

124 1269 285 1331 midiorem
298 1283 471 1331 sermonem
485 1285 570 1345 esse,
596 1271 680 1346 quod
702 1272 854 1333 excellere
868 1273 946 1335 inter
959 1271 1102 1333 finitimas

125 1353 264 1415 civitates
284 1354 458 1427 videamur,
483 1359 515 1413 et
533 1354 564 1414 id
584 1355 685 1429 ipsum
706 1362 843 1415 nontam
855 1354 972 1417 viribus
988 1356 1103 1417 nostris

125 1454 218 1514 quam
238 1439 350 1500 vestris
372 1435 540 1499 honoribus
556 1452 593 1500 ac
606 1434 736 1498 iudiciis.
758 1438 834 1500 satis
850 1439 973 1514 quidem
987 1446 1019 1500 et
1031 1447 1104 1500 tunc

124 1523 157 1582 in
172 1523 346 1598 praesentia
360 1521 508 1596 castigata
523 1521 574 1581 illa
587 1519 699 1597 legatio
715 1529 789 1596 erat,
804 1538 873 1584 cum
887 1529 950 1584 tarn
962 1523 1041 1584 tristi
1054 1539 1103 1584 re·

124 1621 244 1682 sponso
258 1613 362 1668 vestro
378 1605 514 1666 dimissa.
532 1605 559 1665 si
573 1611 636 1666 tum
650 1621 758 1680 parum
772 1605 958 1682 ignominiae
972 1622 1103 1683 pensum

124 1697 187 1764 est,
207 1689 285 1750 haec
308 1695 390 1750 certe
410 1696 470 1751 tarn
484 1687 666 1750 miserabilis
688 1704 725 1750 ac
739 1689 872 1767 supplex
886 1691 998 1766 legatio
1013 1690 1101 1756 etlam

124 1772 341 1848 insolentioris,
360 1788 451 1849 quam
465 1774 517 1834 illa
533 1773 597 1849 mit,
612 1771 774 1848 legationis
789 1773 865 1834 satis
880 1775 1103 1850 magnum-pia-

126 1858 231 1918 culum
245 1864 338 1918 esset.
358 1855 548 1932 superbiam,
570 1856 735 1919 verborum
748 1857 943 1932 praesertim,
964 1856 1103 1918 iracundi

125 1940 264 2014 oderunt,
287 1941 452 2016 prudentes
467 1939 601 2014 irrident,
622 1941 728 2016 utiquc
741 1939 768 2000 si
783 1937 936 2002 interioris
951 1941 1103 2002 adversus

125 2021 320 2100 superiorem
340 2031 401 2085 est:
428 2023 550 2100 capitali
574 2039 676 2100 poena
697 2039 788 2085 nemo
811 2040 957 2100 umquam
978 2023 1103 2100 dignam

123 2108 278 2170 iudicavit.
300 2108 333 2169 id
346 2108 501 2170 enimvero
516 2106 685 2182 periculum
699 2114 773 2181 erut,
795 2123 835 2168 ne
848 2107 1005 2170 Romanos
1020 2106 1102 2169 Rho·

124 2190 167 2252 dli
189 2199 427 2254 contemnerent.
455 2191 545 2252 etiam
566 2191 643 2250 deos
664 2189 758 2266 aliqui
777 2190 880 2251 verbis
901 2190 1103 2253 ferocioribus

123 2277 296 2352 increpant,
317 2292 375 2338 nec
395 2275 465 2337 ideo
481 2290 666 2350 quemquam
686 2273 811 2334 lulmluc
824 2273 917 2335 ictum
932 2275 1104 2336 audimus.“

122 2359 230 2420 xxiv.
253 2359 348 2436 „quid
368 2360 459 2436 igitur
478 2365 619 2435 superat,
641 2357 725 2434 quod
741 2372 922 2433 purgemuS,
945 2359 1045 2426 sinec
1059 2359 1104 2417 la·

124 2450 206 2504 ctum
220 2443 333 2504 hostile
347 2444 441 2504 ullum
456 2448 595 2503 nostrum
609 2449 666 2518 est,
681 2447 713 2503 et
725 2441 821 2503 verba
835 2440 998 2503 tumidiora
1012 2440 1102 2516 legati

123 2525 298 2589 offensione
328 2525 447 2588 aurium
471 2543 532 2587 non
560 2525 725 2603 perniciem
753 2524 882 2588 civitatis
908 2530 1105 2587 meruerunt?

123 2610 291 2672 voluntatis
306 2618 431 2672 nostrae
445 2610 555 2671 tacitae
569 2610 652 2669 velut
665 2610 747 2670 litem
762 2609 915 2681 aestimari
928 2609 1041 2672 vestris
1057 2608 1102 2668 in·

125 2701 170 2754 ter
185 2708 242 2753 vos
258 2693 451 2754 sermonibus
467 2691 574 2766 audio,
595 2698 698 2766 patres
714 2690 891 2768 conscripti.
913 2691 1030 2754 lavisse
1043 2707 1103 2753 nos

122 2777 205 2851 regi,
227 2784 257 2837 et
271 2776 352 2837 illum
365 2775 489 2836 vincere
503 2773 665 2848 maluisse,
685 2774 756 2835 idco
770 2774 852 2834 bello
867 2775 1103 2851 persequendos

123 2875 196 2921 esse
211 2861 349 2921 credunt.
371 2858 422 2923 alii
436 2864 572 2918 vestrum
586 2854 724 2918 voluisse
739 2853 863 2933 quidem
880 2873 937 2918 nos
952 2857 1022 2930 hoc,
1038 2872 1101 2918 non

124 2951 224 3005 tamen
250 2945 290 3006 ob
316 2945 348 3005 id
367 2942 448 3004 hello
472 2941 704 3018 persequendos
726 2954 814 3000 esser
842 2954 944 3018 neque
964 2938 1103 3003 moribus

124 3043 226 3102 neque
246 3028 365 3104 legibus
386 3025 478 3088 ullius
500 3021 629 3087 civitatis
644 3023 685 3086 ita
699 3030 909 3101 comparatum
924 3039 1010 3101 esse,
1028 3029 1063 3087 ut
1075 3026 1105 3087 si

126 3112 178 3186 qul
194 3113 285 3172 vellet
299 3111 452 3172 inimicum
467 3109 576 3186 perire,
593 3109 620 3170 si
635 3109 708 3170 nihil
721 3107 835 3184 lecerit,
853 3124 913 3186 quc
928 3109 960 3171 id
975 3107 1036 3185 flat,
1052 3125 1102 3170 ca·

124 3193 197 3270 pitis
212 3195 381 3256 damnetur.
402 3195 460 3270 his,
482 3192 607 3269 quinos
622 3208 733 3270 poena,
746 3207 810 3254 non
825 3190 950 3254 crimine
964 3193 1102 3266 liberant,

124 3278 253 3354 gratiam
266 3278 389 3354 quidem
399 3278 563 3338 habemuse
586 3276 646 3353 ipsi
656 3276 747 3338 nobis
758 3275 838 3338 hanc
851 3276 981 3339 dicimus
993 3279 1102 3353 legem.

125 3362 152 3423 si
167 3377 274 3422 omnes
289 3359 442 3424 voluimus
459 3361 542 3437 quod
556 3361 720 3438 arguimur,
740 3376 801 3422 non
818 3360 1032 3437 distinguimus
1047 3374 1102 3420 vo·

125 3447 269 3509 tuntotem
284 3463 303 3506 a
317 3446 407 3521 lacto,
423 3459 531 3508 omnes
545 3446 728 3521 plectamurr
750 3442 778 3505 si
795 3443 846 3505 alii
863 3443 1035 3569 principum
1046 3458 1103 3504 uo-
