2598 3956
205 193 246 260 to
346 193 462 258 LlBltR
475 193 536 254 XL.
559 192 643 258 CAP.
660 201 702 258 ta.
715 201 757 256 re.
769 204 812 256 ao.
836 201 872 269 [ι.
888 202 923 253 ιι.
939 219 964 254 e.
980 203 1043 272 stt]

198 355 261 409 leur
281 363 383 424 usque
403 347 441 406 od
457 343 641 420 Massiliam,
661 346 780 408 laevam
801 346 876 408 atter
890 361 991 422 usquc
1007 347 1046 416 ad
1060 347 1183 438 Barium
1292 373 1294 384 ·

198 439 342 494 tueretur.

282 514 359 579 XIX
382 513 526 589 Prodigia
539 513 634 576 muta
648 513 740 576 foede
753 520 785 572 et
795 513 912 586 Romae
927 529 966 590 eo
980 531 1061 588 amre
1074 518 1139 592 visa
1152 527 1184 580 et

198 597 335 662 nondam
354 613 493 682 paragra.
525 597 556 660 in
577 611 650 668 area
664 595 795 661 vulcani
810 606 841 668 et
855 583 1045 663 concordiae
1059 603 1182 680 magni·

197 699 265 744 nem
277 682 370 759 pluit,
392 690 423 744 et
436 681 599 758 pontifices
611 679 716 744 hastas
729 690 828 754 motas
841 683 1027 757 nunbavere,
1043 683 1182 750 etLanu

197 767 237 827 vii
258 767 454 831 simulacrum
475 765 602 831 Iunonis
619 763 764 840 Sospitae
785 768 973 836 lacrimasse.
1006 769 1183 842 pestilentia

195 849 227 911 in
242 849 325 926 agris
340 851 479 926 lorisque
495 858 526 919 et
540 847 753 920 conciliabulis
769 851 821 915 el
813 868 843 912 m
858 851 935 922 urhe
949 857 1032 914 tanta
1045 859 1125 927 erat,
1147 859 1184 915 ιιι

196 935 327 998 Libitina
353 943 425 997 lunc
456 934 508 1000 uix
531 933 698 1004 sufficerat.
730 933 779 1004 his
803 933 956 1011 prodigiis
981 935 1183 1014 cladibusque

196 1019 279 1080 anxii
293 1027 395 1096 patras
409 1018 622 1093 decreuerunt,
637 1026 670 1079 ιιι
683 1025 714 1078 et
727 1021 883 1094 consules„
900 1017 1010 1094 quihus
1025 1018 1084 1086 diis
1096 1018 1182 1082 videa

144 1147 149 1156 .
196 1110 294 1178 retur,
309 1101 419 1166 hostiis
432 1101 599 1168 maioribus
615 1102 838 1175 sacdficamnt,
860 1110 891 1165 et
906 1100 1071 1178 decemviri
1085 1102 1181 1172 libros

197 1188 323 1248 adirent.
347 1202 452 1253 eorum
468 1186 592 1252 decreto
607 1186 791 1262 supplicatio
806 1187 888 1258 airon
899 1186 999 1264 omnia
1009 1186 1183 1268 pulvinaria

196 1275 313 1334 Romae
327 1271 356 1331 in
373 1271 454 1336 diem
468 1285 562 1336 ttttum
573 1269 687 1335 indicta
700 1278 757 1332 ast.
779 1271 888 1342 iisdem
902 1270 1078 1344 auctoribus
1090 1277 1121 1333 al
1132 1287 1182 1336 se-

197 1364 286 1418 natus
303 1354 423 1418 censuit
436 1362 467 1417 et
481 1355 626 1420 consulas
643 1352 819 1430 ιιιιιιιιιιιιιι,
840 1361 874 1416 ut
885 1371 943 1430 per
957 1361 1051 1419 totam
1066 1355 1182 1424 ltaliam

196 1440 329 1503 triduum
343 1439 528 1516 supplicatio
543 1446 573 1502 et
588 1437 682 1501 leriae
696 1447 810 1502 essent.
832 1437 1025 1514 pestilentiae
1035 1447 1119 1505 tanta
1132 1440 1181 1501 vis
1293 1457 1294 1522 ι

197 1533 276 1599 erat,
297 1532 343 1598 ιιι,
366 1540 436 1586 cum
457 1530 584 1601 propter
605 1523 807 1589 deiectionem
823 1521 988 1590 Corsorum
1005 1523 1181 1600 bellumque
1293 1599 1294 1606 ι

197 1609 235 1672 ab
251 1608 415 1670 Iliensibus
435 1607 619 1670 concitatum
642 1607 672 1666 in
692 1605 834 1670 Sardinia
853 1616 923 1670 octo
945 1607 1027 1668 milia
1045 1607 1181 1683 peditum

198 1709 237 1753 ex
262 1693 357 1754 sociis
377 1691 475 1754 Latini
500 1690 632 1754 nominis
660 1689 829 1768 placuisset
850 1692 945 1753 scribi
969 1698 1002 1752 et
1025 1697 1181 1762 trecentos

198 1779 333 1854 equites,
355 1775 657 1854 quartisianam
682 1781 806 1852 praetor
828 1791 935 1848 secum
953 1776 986 1838 in
1008 1774 1181 1844 Sardiniam

104 1878 105 1882 ¹
199 1862 354 1937 traiceret,
368 1867 485 1922 tontum
495 1859 654 1924 >hominurn
669 1861 862 1928 demortuum
878 1877 965 1938 esso,
987 1868 1101 1924 mnium
1113 1861 1181 1924 ubi·

199 1962 259 2022 qne
270 1961 433 2020 aegrorum
446 1946 849 2021 consulesranuutiauorint.
860 1954 894 2007 ιιι
905 1947 931 2011 is
942 1961 1087 2014 humarus
1099 1945 1185 2006 ellici·

197 2027 325 2090 militum
339 2045 401 2093 non
417 2029 560 2105 potamio
590 2031 675 2128 quod
686 2027 795 2094 demat
806 2029 943 2102 millium,
959 2043 1080 2097 sunere
1093 2044 1112 2088 a
1127 2029 1182 2089 Cn·

197 2114 313 2174 Baebio
328 2116 532 2190 proconsule,
548 2131 602 2191 qur
593 2113 695 2176 Pisis
710 2112 904 2193 hibernabat,
928 2115 1032 2180 iussus
1048 2119 1181 2188 praetor,

197 2204 291 2272 atquo
305 2196 399 2259 inda
390 2214 421 2259 tn
436 2197 609 2260 Sardiniam
623 2199 761 2260 maluere.

281 2282 315 2342 L.
329 2282 465 2344 Duronio
487 2283 703 2358 praeterhac
724 2283 1009 2358 prournolahpulra
1029 2259 1182 2357 euenum,

197 2366 318 2426 adiecta
329 2366 369 2426 dc
375 2365 620 2426 Bacchanalibus
633 2367 774 2440 queastio
782 2373 840 2440 est,
850 2367 941 2432 culus
950 2365 1077 2431 residua
1087 2382 1182 2442 quao-

198 2450 268 2508 danr
284 2451 367 2510 vetut
381 2449 500 2509 semina
514 2463 553 2508 ox
568 2448 723 2524 prioribus
737 2450 848 2513 malis
840 2465 899 2512 ram
914 2451 1030 2526 priore
1027 2466 1113 2512 artno
1122 2465 1182 2525 ap

197 2537 377 2606 ιιιιιιιιιιιιιι
400 2532 458 2591 sed
478 2532 577 2606 magis
590 2531 753 2596 inchoatae
773 2533 903 2610 eonon
916 2533 1059 2612 Pupium
1055 2541 1181 2616 praela·

195 2631 261 2674 rem
277 2613 477 2689 quaestiones
499 2621 585 2676 eram
600 2627 693 2692 qnam
709 2617 748 2680 ad
763 2619 877 2681 exilum
891 2619 988 2682 mlum
1002 2619 1181 2694 perductae.

196 2698 227 2758 id
243 2712 408 2773 persecare
421 2713 537 2759 novena
551 2708 733 2777 praetorem,
751 2710 945 2776 decerperet
957 2703 1066 2768 ilerum
1081 2702 1181 2776 latius,

196 2788 299 2856 patres
316 2781 483 2843 iusserunt„
508 2787 540 2842 et
554 2784 638 2859 leges
651 2785 693 2846 de
707 2785 823 2848 ambitu
836 2787 982 2851 consules
997 2800 1036 2846 ex
1051 2781 1182 2848 auctori·

195 2873 257 2925 tate
271 2873 399 2927 senatus
413 2864 454 2925 ad
467 2867 616 2940 populum
627 2869 768 2931 hilarum.
804 2867 868 2930 xit.
889 2869 1058 2945 legationes
1069 2866 1184 2931 deinde

196 2949 227 3008 in
239 2956 380 3010 senatum
390 2947 635 3025 introduxerunt,
651 2967 757 3028 regum
768 2949 883 3028 primas
894 2951 1039 3020 Eumenis
1051 2952 1182 3012 ethrin-

196 3030 290 3090 rotbis
313 3031 508 3108 Cappadocis
529 3043 559 3095 et
575 3033 742 3098 Pharnacis
762 3035 889 3098 Pontici.
919 3052 977 3098 nec
997 3037 1076 3098 ultra
1096 3034 1181 3111 qnie-

197 3129 287 3189 qnam
309 3116 353 3175 eis
375 3130 564 3193 responsum
584 3127 632 3180 est
652 3137 744 3196 quam
765 3120 916 3184 missuros
938 3120 991 3196 qui
1004 3119 1045 3182 de
1060 3126 1181 3180 contro·

195 3198 305 3258 versiis
327 3214 434 3262 eorum
455 3212 681 3278 concrescerent
705 3211 943 3280 statuerantque
974 3203 1182 3264 Lacedaemo

194 3283 315 3342 ntorum
342 3281 454 3346 deinde
479 3289 621 3347 exsulum
640 3296 671 3348 et
690 3288 887 3350 Achaeorum
905 3287 996 3362 togati
1016 3284 1183 3348 introducti

195 3374 275 3438 sunt,
306 3373 336 3428 et
359 3383 433 3444 spes
462 3370 533 3432 data
562 3371 722 3432 exsulibus
750 3379 799 3432 est
827 3371 1013 3448 scripturum
1041 3375 1181 3432 mantum

194 3449 346 3527 Achaeis,
368 3459 402 3513 ul
421 3454 663 3514 restituerentur.
696 3454 812 3516 Achaei
835 3456 874 3516 de
892 3454 1037 3516 Massam
1057 3459 1184 3528 recepta
