2570 3952
512 220 720 271 FRAGMENTA.
1072 241 1103 284 ιχ

125 373 191 422 datis
216 374 374 436 praeceptis,
400 372 491 433 quibus
510 372 642 420 itineribus
661 372 765 422 duceret
781 371 814 420 ad
833 371 1004 422 defendendas
1021 375 1104 423 socias

126 443 208 496 urbes,
228 455 290 503 quas
302 441 438 506 Pompeius
456 447 622 505 oppugnaret,
641 441 782 503 quibusque
802 441 885 505 ipsum
897 455 989 506 agmen
1000 444 1104 506 Pompei

126 525 157 560 ax
175 510 276 558 insidiis
294 509 483 573 adgrederetur.

175 578 270 627 Eodem
292 585 405 642 tempore
428 588 451 626 et
470 577 503 628 ad
521 577 728 636 Herennuleium,
752 578 795 640 qui
814 579 839 625 in
858 579 939 627 isdem
962 578 1025 628 loeis
1043 590 1104 639 erat,

126 647 219 696 litteras
237 647 319 706 misit,
344 654 369 695 ct
386 647 411 696 in
430 646 531 696 alteram
550 648 705 712 provinciam
724 645 758 695 ad
775 647 804 698 L.
823 646 988 707 Hirtuleium,
1007 651 1104 712 praeci·

124 717 204 779 piens,
224 731 299 778 quem
317 717 351 765 ad
368 716 471 766 modum
491 716 585 765 bellum
601 715 772 766 administrari
792 714 878 767 veltet:
897 723 956 764 ante
967 718 1059 782 omnia,
1077 727 1105 766 ut

124 787 159 833 ita
177 785 260 833 socias
279 784 392 834 civitates
411 793 531 845 tueretur,
551 799 583 834 ne
595 785 648 834 acie
663 799 718 834 cum
732 783 834 833 Metello
847 785 986 842 dimicaret,
1004 787 1046 834 cui
1058 800 1104 834 nec

125 855 273 902 auctoritate
296 863 343 902 nec
365 855 461 903 viribus
484 869 530 918 par
547 862 622 904 esset.
658 869 689 902 ne
708 853 758 917 ipsi
777 854 877 916 quidem
895 853 1028 902 consilium
1048 868 1104 902 esse

124 922 215 971 ducere
232 923 359 971 adversus
370 923 533 987 Pompeium:
552 937 634 986 neque
652 923 679 972 in
695 925 774 971 aciem
787 923 967 973 descensurum
980 937 1037 972 eum
1050 938 1105 972 cre-

125 991 209 1040 debat.
242 992 263 1039 si
280 989 418 1041 traheretur
435 991 540 1057 bellum,
557 991 626 1042 hosti
644 1007 702 1040 curn
721 1006 790 1040 mare
805 993 836 1041 ab
850 1001 931 1056 tergo,
947 993 1104 1056 provincias-

124 1075 172 1121 que
191 1073 278 1108 omnes
291 1060 316 1108 in
329 1066 454 1123 potestate
467 1061 579 1124 liaberet,
599 1061 706 1110 navibus
719 1061 831 1123 undique
843 1068 998 1110 commeatus
1017 1070 1104 1110 ventu-

124 1142 178 1177 ros:
197 1130 247 1193 ipsi
259 1137 352 1188 autem,
370 1132 525 1195 consumptis
537 1132 624 1194 priora
635 1137 732 1180 aestate
745 1145 808 1192 quae
822 1137 974 1194 praeparata
987 1129 1104 1188 luissent,

124 1198 235 1246 omnium
258 1211 340 1246 rerum
363 1198 476 1263 inopiam
499 1199 562 1249 fore.
594 1199 747 1263 Perpernam
764 1199 789 1248 iu
807 1199 959 1248 maritimam
975 1199 1105 1264 regionem

124 1267 321 1330 superpositum,
338 1272 366 1314 ut
377 1281 416 1330 ea,
434 1283 499 1329 quae
512 1268 610 1331 integra
623 1268 706 1316 adbuc
718 1268 749 1316 ab
765 1267 838 1316 hosta
850 1269 909 1331 sint,
929 1268 994 1316 tueri
1008 1275 1104 1331 posset,

124 1342 160 1389 et,
179 1336 202 1382 si
219 1349 270 1396 qua
288 1335 385 1384 occasio
403 1335 489 1392 detur,
512 1336 627 1384 incautos
651 1351 697 1399 per
715 1345 814 1399 tempus
831 1337 1021 1400 adgressurum.
1050 1336 1105 1400 ipse

125 1417 181 1450 cum
200 1417 246 1452 suo
265 1404 376 1452 exercitu
395 1404 420 1452 in
432 1404 543 1453 Berones
562 1410 587 1452 et
599 1404 748 1453 Autricones
764 1405 884 1468 progredi
903 1405 1002 1460 statuit;
1023 1405 1105 1465 aqui-

124 1472 171 1521 bus
187 1486 264 1535 saepe
282 1487 328 1536 per
343 1471 461 1532 hiemem,
480 1487 536 1521 cum
551 1474 583 1521 ab
600 1487 628 1520 se
640 1481 848 1538 oppugnarentur
861 1472 1004 1522 Celtiberae
1021 1474 1105 1530 urbes,

124 1539 285 1604 imploratam
308 1554 365 1590 csse
384 1556 458 1605 opem
476 1542 580 1606 Pompei
599 1548 768 1606 compererat,
791 1542 934 1605 missosque
953 1543 997 1604 qui
1015 1542 1105 1590 itinera

123 1611 242 1659 exercitui
256 1610 369 1659 Romano
388 1619 565 1669 monstrarent:
587 1618 611 1658 et
628 1611 741 1675 ipsorum
757 1611 885 1672 equitibus
904 1619 1009 1660 vexatos
1028 1624 1105 1674 saepe

125 1679 217 1728 milites
241 1694 316 1737 suos,
344 1695 502 1742 quocumque
519 1695 534 1728 a
553 1680 642 1729 castris
660 1694 707 1744 per
723 1681 937 1745 oppugnationem
956 1678 1106 1730 Contrebiae

123 1748 261 1813 pabulandi
278 1759 321 1799 aut
343 1749 512 1798 frumentandi
533 1763 610 1799 causa
630 1750 857 1813 progrederentur.
896 1750 952 1797 ausi
971 1756 1024 1796 tum
1042 1764 1104 1811 quo-

124 1833 172 1880 qne
188 1825 262 1866 erant
280 1819 408 1866 Araracos
426 1819 450 1866 iu
464 1826 551 1880 partes
567 1818 712 1867 sollicitare.
744 1818 811 1866 edito
826 1819 903 1882 igitur
921 1819 1034 1879 earenrplo
1045 1817 1104 1866 belli

124 1884 258 1934 consilium
270 1900 298 1934 sa
311 1887 443 1950 initurum,
452 1899 536 1935 trtrttm
549 1887 621 1951 prius
634 1886 741 1942 hostem,
753 1893 835 1934 utram
848 1885 1005 1950 provinciam
1020 1893 1105 1947 petat:

124 1954 311 2004 maritimamne
321 1969 400 2018 oram,
417 1964 445 2003 ut
453 1953 601 2019 Pompeium
613 1955 644 2003 ab
655 1954 793 2004 Ilercaonia
804 1964 827 2004 et
839 1955 1001 2004 Contestania
1011 1962 1106 2019 arceat,

125 2031 229 2084 utraque
248 2024 317 2072 socia
335 2035 419 2088 geute,
439 2039 468 2072 au
487 2025 520 2072 ad
539 2023 667 2073 Metellum
687 2032 711 2072 et
727 2024 886 2073 Lusitaniam
905 2039 933 2073 se
950 2031 1087 2072 convertat.

173 2093 242 2142 Haeo
258 2107 343 2141 secum
362 2093 462 2156 agitans
480 2090 605 2142 Sertorius
623 2103 724 2156 practer
740 2093 860 2142 Hiberum
880 2106 979 2142 amnem
997 2107 1043 2156 per
1059 2106 1104 2156 pa-

124 2167 193 2210 catos
213 2175 289 2225 agros
308 2161 421 2223 quietum
440 2161 578 2210 exercitum
597 2162 652 2209 siue
675 2159 752 2209 ullius
770 2176 838 2210 noxa
855 2162 936 2211 duxit.
974 2161 1106 2224 profectus

124 2230 183 2278 rude
198 2231 224 2278 iu
238 2228 395 2278 Bursaonum
415 2237 439 2277 et
451 2227 657 2278 Cascantinorum
670 2237 694 2278 et
706 2228 941 2279 Graccuritanorum
956 2228 1027 2286 lines,
1047 2243 1105 2276 eva-

124 2299 196 2348 statis
220 2299 337 2347 omnibus
359 2297 562 2363 proculcatiaque
586 2297 728 2361 segetibus,
756 2298 789 2346 ad
808 2297 953 2362 Calagurrim
976 2295 1103 2352 Nasicam,

123 2368 251 2416 sociorum
269 2368 374 2425 urbem,
394 2368 475 2424 venit;
503 2375 725 2431 transgressusque
744 2381 843 2415 amnem
860 2367 1030 2431 propinquum
1048 2365 1106 2414 urbi

123 2445 201 2500 ponte
222 2435 290 2485 facto
314 2444 397 2485 castra
413 2435 507 2499 posuit.
539 2444 642 2501 postero
661 2436 703 2484 die
721 2436 754 2484 M.
774 2435 881 2484 Marium
900 2442 1061 2498 quaestorem
1078 2435 1105 2482 in

124 2507 251 2554 Arevacos
269 2513 294 2553 ct
306 2503 460 2554 Cerindones
479 2505 549 2554 misit
565 2507 598 2554 ad
615 2505 810 2554 conscribendos
827 2521 860 2554 ex
880 2505 911 2554 iis
925 2505 1043 2570 gentibus
1057 2505 1105 2552 mi-

123 2573 188 2633 lites,
200 2573 406 2638 fruinentumque
416 2574 476 2623 inde
485 2574 656 2634 Contrebiam,
668 2590 732 2639 quae
740 2575 861 2624 Leucada
872 2573 1023 2639 appellatur,
1035 2589 1104 2622 com-

124 2643 284 2709 portandum,
292 2653 393 2706 praeter
401 2658 478 2705 quarn
486 2645 575 2692 urbem
585 2643 817 2708 opportunissimus
828 2643 1006 2694 exBeronibus
1014 2643 1104 2690 trausi-

122 2721 162 2760 tus
175 2719 236 2773 crat,
253 2712 279 2760 ln
291 2726 476 2774 quamcumque
485 2713 615 2776 regionem
626 2713 717 2760 ducere
731 2714 867 2761 exercitum
877 2712 1019 2760 statuisset:
1038 2719 1062 2758 et
1075 2708 1101 2759 C.

120 2781 251 2838 Insteium,
262 2780 418 2843 praelectum
430 2781 551 2841 equitum,
563 2781 699 2844 Segouiam
709 2787 732 2828 et
741 2782 767 2828 in
777 2782 949 2829 vaccaeorum
960 2790 1059 2843 gentem
1071 2779 1104 2826 ad

122 2849 234 2910 equitum
252 2849 461 2910 conquisitionem
471 2850 548 2906 misit,
563 2849 661 2896 iussum
679 2863 736 2898 cum
751 2850 880 2910 equitibus
891 2847 1039 2897 Contrebiae
1048 2860 1104 2895 sesa

120 2919 243 2987 apperiri.
264 2917 375 2966 dimissis
388 2919 419 2966 iis
437 2917 493 2984 ipse
507 2916 646 2982 profectus,
663 2932 709 2981 per
718 2918 861 2966 Vasconum
871 2931 960 2982 agrum
974 2916 1048 2966 dacto
1060 2930 1103 2964 ex-

123 2987 210 3051 ercitu,
227 2987 252 3036 in
263 2986 369 3036 confinio
380 2987 504 3036 Beronum
521 2986 606 3051 posuit
617 2995 709 3035 castra.
732 2995 835 3051 postero
850 2985 891 3034 die
907 3000 962 3034 cum
976 2985 1104 3048 equitibus

122 3067 286 3117 praegressus
304 3056 337 3103 ad
356 3056 445 3104 itinera
457 3055 621 3120 exploranda,
634 3055 703 3104 iusso
714 3055 800 3120 pedite
813 3055 934 3117 quadrato
948 3056 1051 3119 agmine
1063 3069 1102 3102 se-

122 3122 174 3183 qui,
192 3122 225 3171 ad
240 3124 374 3180 vaceium,
395 3124 580 3174 validissimam
603 3125 714 3190 regionis
733 3124 787 3173 eius
805 3125 908 3178 urbem,
929 3124 1007 3173 venit.
1035 3122 1104 3171 haud

122 3191 310 3253 inopinantibus
328 3193 359 3240 iis
378 3201 452 3242 noctu
471 3190 615 3242 advenerat.
634 3193 752 3256 Undique
769 3194 896 3255 equitibus
908 3199 933 3241 et
950 3191 1103 3256 suaegentis

121 3265 145 3307 at
163 3259 329 3308 Autriconum.
364 3261 401 3310 De
418 3261 632 3326 boemanicum,
651 3263 718 3326 quod
731 3264 835 3325 primam
854 3277 870 3311 o
887 3262 999 3311 Brunaio
1018 3267 1042 3308 et
1058 3257 1103 3307 Ia-

121 3329 231 3385 venata'c,
255 3327 345 3377 deinde
362 3343 379 3376 a
399 3329 533 3378 Nlehulm'o
557 3345 592 3379 eor
610 3332 694 3380 codiee
716 3333 839 3380 Vaticano
863 3331 952 3380 editura
971 3343 1026 3378 ease
1045 3341 1102 3376 con·

116 3395 245 3517 sta32aid.
265 3395 411 3462 Kreyssigii
422 3395 463 3446 erl.
481 3399 549 3447 Livii
569 3395 634 3446 Tora.
651 3398 674 3446 I.
689 3413 715 3460 p.
732 3399 837 3449 LXVI.
855 3415 910 3464 sqq.
930 3404 954 3446 et
970 3396 1036 3446 Tem.
1047 3396 1100 3447 IV.

113 3479 144 3525 P·
197 3481 222 3517 θ·
242 3480 297 3530 899·
