2574 3954
339 220 454 282 LIBER
468 221 557 282 llth.
579 223 665 282 CAP.
674 231 717 286 62.
729 231 772 287 63.
797 231 832 298 [a.
846 231 953 298 C.171-]
1071 223 1135 288 183

152 389 184 439 et
202 373 422 439 moderationis
442 374 547 438 Persei
569 381 599 436 et
624 374 744 438 illorum
769 377 941 453 pervicacis
968 378 1133 454 superbiae

153 463 271 526 tuturos
292 467 397 528 testes.
419 473 584 536 numquam
605 460 643 519 ab
660 460 771 521 talibus
794 459 933 522 consiliis
946 458 1133 526 abhorrebat

151 545 233 620 regis
260 543 389 604 animus.
416 542 520 618 itaque
543 543 675 626 plurium
699 542 836 606 adsensu
861 545 1069 622 comprobata
1084 555 1136 608 est

152 627 313 689 sententia.
353 626 444 702 legati
466 627 507 686 ad
526 627 685 688 consulem
709 627 796 688 missi
817 626 952 688 adhibito
977 629 1131 704 frequenti

151 709 280 772 consilio
306 711 402 774 auditi
428 717 507 771 sunt.
540 726 650 785 paoem
673 711 803 786 petiere,
832 709 963 786 vectigal
983 719 1131 788 quantum

150 795 309 871 Philippus
330 800 440 871 pactus
459 801 557 867 esset,
579 793 720 855 daturum
740 795 854 855 Persea
872 795 1019 858 Romanis
1042 795 1131 872 polli-

152 881 281 948 centes3'
296 879 424 940 urbibus
437 879 520 952 agris
534 877 688 954 locisque,
716 879 827 954 quibus
842 877 1001 954 Philippus
1017 878 1129 940 cessis·

151 969 214 1036 set,
240 977 400 1022 cessurum
422 962 559 1036 primum.
584 961 661 1021 haec
681 962 780 1037 legati.
810 963 970 1024 summotis
989 962 1038 1024 bis
1061 978 1131 1026 cum

151 1047 368 1119 consultarent,
383 1045 521 1106 Romana
535 1045 704 1106 constantia
717 1045 790 1105 vicit
804 1045 834 1109 ln
850 1046 989 1108 consilio.
1011 1047 1057 1106 ita*
1067 1055 1131 1108 tum

152 1145 219 1190 mos
240 1137 319 1203 erat,
341 1129 371 1188 in
392 1129 533 1190 adversis
554 1131 668 1192 vultum
690 1128 845 1190 secundae
859 1130 998 1191 fortunae
1012 1145 1130 1205 gerere,

151 1211 304 1274 moderari
319 1214 438 1272 animos
452 1212 483 1271 in
505 1213 660 1274 secundis.
682 1211 869 1288 responderi·
883 1213 999 1289 placuit
1018 1214 1060 1276 ita
1075 1219 1129 1290 pa'·

151 1313 218 1356 cem
239 1297 320 1371 dari,
341 1295 368 1356 si
389 1294 428 1356 de
448 1311 567 1356 summa
586 1311 687 1356 rerum
700 1295 828 1357 liberum
844 1293 963 1360 senatui
977 1296 1131 1374 permittat

150 1397 207 1440 rex
222 1380 261 1440 de
274 1394 309 1438 se
325 1379 427 1455 deque
440 1378 586 1440 universa
604 1378 786 1442 Macedonia
800 1381 957 1452 statuendi,
966 1379 1024 1458 ius.
1052 1379 1130 1442 haec

152 1481 221 1525 curn
235 1462 464 1530 renuntiassent
477 1462 578 1538 legati,
598 1462 743 1524 miraculo
758 1463 874 1538 ignaris
888 1461 983 1526 moris
996 1463 1128 1541 pertina-

151 1549 199 1610 cia
211 1563 298 1622 esse,
324 1554 354 1608 et
368 1547 506 1623 plerique
519 1553 624 1607 vetare
639 1547 770 1622 amplius
785 1546 968 1610 mentionem
982 1544 1070 1626 pacis
1085 1549 1128 1607 la

151 1647 236 1691 cere:
269 1632 347 1692 ultro
373 1645 445 1691 mox
476 1630 669 1706 quaesituros
695 1631 779 1706 quod
806 1631 940 1694 oblatum
964 1632 1128 1695 fastidiant.

150 1715 283 1776 Perseus
297 1714 377 1776 hanc
391 1715 492 1790 ipsam
506 1713 691 1790 superbiant,
709 1713 826 1791 quippe
839 1731 880 1776 ex
892 1713 1009 1776 llducia
1021 1715 1130 1778 virtum

151 1813 232 1870 asse,
247 1798 370 1867 timere;
393 1805 423 1859 et
437 1813 586 1860 summam
600 1797 750 1874 pecuniae
766 1814 897 1876 augens,
917 1799 946 1860 si
959 1798 1058 1874 pretio
1067 1809 1129 1874 ‘pa-

153 1897 220 1942 cem
231 1897 332 1942 emere
343 1889 461 1959 posset,
477 1898 538 1943 non
551 1880 666 1943 destitit
676 1881 810 1943 animum
822 1883 958 1945 consulis
968 1888 1128 1957 temptare.

150 1971 316 2041 postquam
336 1963 411 2028 nihil
431 1981 472 2026 ex
488 1980 525 2026 eo
546 1965 632 2041 quod
652 1967 749 2040 primo
763 1966 970 2042 responderat
983 1965 1127 2040 mutabat,

151 2050 316 2125 desparata
329 2064 408 2126 pace
423 2049 463 2109 ad
478 2047 652 2128 Sycurium,
672 2049 754 2110 unde
769 2051 927 2126 proiectus
941 2055 1014 2124 erat,
1030 2044 1129 2122 rediit,

153 2130 222 2194 belli
238 2148 345 2194 casum
359 2132 399 2193 de
412 2133 530 2208 integro
544 2138 755 2208 temptaturus

235 2216 337 2280 thtt.
352 2215 446 2278 Fama
460 2215 613 2292 equestris
629 2231 750 2291 pugnae
764 2217 887 2290 vulgata
902 2231 958 2294 par
970 2215 1128 2284 Graeciam

150 2300 279 2364 nudavit
291 2303 465 2362 voluntates
479 2298 644 2360 hominum.
665 2315 730 2361 non
750 2299 831 2360 enin
846 2300 946 2362 solum
963 2297 1015 2375 qui
1030 2297 1127 2374 partis

149 2383 354 2446 Macedonum
373 2390 474 2459 erant,
496 2382 552 2444 sed
573 2383 711 2460 plerique
730 2382 905 2460 ingentibus
918 2384 1128 2445 Romanorum

150 2466 275 2543 obligati
294 2467 471 2542 beneflciis,
493 2467 617 2546 quidam
637 2465 698 2534 vim
720 2467 958 2544 superbiamque
977 2466 1059 2543 regis
1073 2464 1127 2528 ex'-

145 2551 242 2627 perti,
265 2551 336 2613 laeti
357 2566 424 2612 eam
444 2550 556 2612 lamam
577 2565 742 2626 accepere,
765 2568 827 2614 non
843 2552 883 2612 ob
898 2553 987 2612 aliam
1002 2566 1127 2612 causant

147 2650 243 2710 quam
260 2651 359 2714 pravo
381 2634 499 2710 studio,
525 2651 587 2711 quo
603 2636 697 2696 ctiam
717 2635 747 2694 in
772 2636 988 2700 certaminibus
1002 2635 1127 2697 ludicris

151 2718 261 2792 vulgus
276 2719 376 2792 utitur,
392 2718 537 2781 deteriori
550 2725 644 2794 atque
657 2717 815 2781 infirmiori
829 2720 972 2785 favendo.
1111 2768 1114 2772 .

232 2799 349 2864 Eodem
369 2811 508 2879 tempore
527 2802 559 2863 in
571 2802 700 2864 Boeotia
714 2817 831 2862 summa
845 2803 876 2861 vi
889 2800 1054 2862 Haliartum
1068 2801 1126 2863 Lu·

149 2885 261 2947 cretius
275 2894 401 2962 praetor
421 2887 632 2964 oppugnabam
654 2892 684 2947 et
706 2901 891 2960 quamquam
904 2899 962 2944 nec
974 2883 1128 2948 habebant

149 2975 277 3031 externa
297 2969 411 3031 auxilia
438 2970 562 3032 obsessi
581 2977 704 3046 praeter
727 2969 952 3046 Coronaeorum
979 2967 1125 3042 iuniores,

149 3053 201 3127 qui
217 3051 315 3130 prima
326 3053 488 3115 obsidione
498 3053 619 3118 moenia
628 3054 821 3129 intraverant,
836 3068 938 3130 neque
950 3053 1126 3130 sperabant,

148 3144 248 3198 tamen
269 3137 330 3213 ipsi
351 3137 458 3200 animis
472 3137 577 3214 'magis
599 3154 690 3214 quam
708 3133 825 3198 'viribus
839 3135 1034 3198 resistebant.
1056 3137 1127 3201 nan

151 3227 181 3279 et
202 3222 381 3298 eruptiones
400 3220 432 3282 in
454 3237 550 3297 opera
565 3221 677 3282 crebro
700 3221 867 3296 iaciebant,
889 3227 919 3282 et
933 3222 1056 3283 arietem
1071 3219 1126 3284 ad-

149 3310 264 3366 motum
285 3319 366 3367 nunc
386 3303 621 3366 *libramento
641 3302 757 3383 plumbi
778 3311 936 3381 gravatum
957 3303 996 3364 ad
1015 3311 1127 3388 terram

150 3389 314 3463 urgebant,
340 3395 370 3450 et
393 3389 420 3450 sl
442 3405 505 3468 qua
519 3389 709 3451 declinarent
723 3390 775 3464 qui
791 3387 921 3464 agebant
935 3388 1042 3460 ictum,
1068 3401 1126 3461 pro

149 3470 251 3536 diruto
277 3487 364 3532 nruro
390 3488 504 3536 novum
527 3473 720 3533 tumultuario
743 3487 838 3547 opere
861 3471 972 3546 raptim
997 3485 1036 3530 ex
1058 3469 1128 3544 ipsa
