2574 3954
294 235 409 296 umen
423 234 526 296 xmv.
550 235 632 297 cnr.
649 245 691 298 ιο.
705 245 747 300 ιι.
766 237 807 315 p.
823 242 856 296 o.
872 239 933 317 res]
1043 236 1107 300 eto

122 387 309 467 pugnatione
320 387 449 448 Aeniam
459 386 531 448 inde
543 395 658 463 petunt.
683 387 857 465 quindecim
868 388 950 449 milia
956 403 1107 463 passuum
1190 393 1194 399 '

123 489 161 534 ea
172 471 249 534 arabs
263 471 360 543 abest,
377 471 528 534 adversus
542 471 680 551 Pydnam
696 473 807 548 posita,
822 473 912 533 lertili
929 487 1014 548 agro.
1037 487 1106 554 per-

122 556 251 617 vastatis
277 555 392 632 mbas
418 555 488 616 eius
515 557 654 630 legentes
689 571 775 618 oram
804 555 1008 631 Antigoneam
1037 571 1106 631 per-

122 641 258 702 veniant
292 639 334 700 ibi
359 639 478 714 egressi
498 638 660 700 interram
680 639 779 718 prime
795 647 827 700 st
839 645 1000 700 vastarunt
1012 653 1106 716 agros

122 720 251 800 passim,
266 729 297 784 et
307 721 496 798 aliquantum
507 723 643 799 praedae
654 723 848 786 contulerunt
855 722 896 783 ad
907 737 1012 782 naves.
1034 721 1106 782 dein

122 809 244 884 patatm
253 822 313 868 ees
328 806 427 867 adorti
446 805 643 882 Macedones,
663 807 750 867 mixti
770 806 891 883 pedites
911 805 1105 882 equitesque,

123 890 275 966 mglentes
290 889 390 952 eluse
403 891 444 952 ad
459 905 542 951 mare
557 889 713 967 persecuti
734 891 919 967 quingentos
935 891 1033 950 terme
1053 904 1105 950 oc-

122 975 263 1038 ciderunt
282 980 313 1036 et
331 989 393 1034 non
413 974 514 1036 minus
533 981 691 1050 ceperunt.
725 988 785 1034 nee
798 973 882 1036 aliud
897 989 987 1048 quam
1001 973 1106 1033 ultime
1127 1031 1130 1038 .

121 1058 302 1133 necessitas,
323 1073 393 1118 cnm
406 1059 547 1135 recipere
563 1073 598 1118 se
610 1064 677 1119 tuto
693 1057 734 1118 ad
747 1072 845 1118 naves
860 1055 1104 1133 prohrirerentur,

121 1142 242 1202 animos
264 1141 390 1201 militum
410 1142 619 1203 Romanorum
640 1141 731 1202 simul
752 1141 969 1217 desperatione
983 1140 1042 1202 alia
1056 1155 1107 1200 sa·

121 1225 193 1286 lutis
225 1225 316 1284 simul
339 1223 518 1299 indignitate
545 1223 681 1286 meavit.
719 1225 925 1301 redintegrata
950 1224 981 1284 in
1005 1224 1107 1284 littore

120 1313 303 1384 pugnacem
317 1305 465 1368 adiuvere
476 1307 571 1382 quiin
582 1308 713 1370 navibus
727 1316 821 1369 erant
849 1307 891 1368 ibi
901 1307 1106 1368 Macedonum

121 1391 245 1454 ducenti
260 1391 356 1452 lerme
370 1391 468 1465 caesi,
484 1407 543 1468 par
556 1406 702 1453 numerus
717 1398 836 1468 captus.

205 1475 254 1536 Ab
274 1475 449 1550 Antigonea
470 1473 580 1536 classis
601 1477 740 1550 prolecta
759 1476 800 1535 ad
820 1491 928 1551 mum
947 1474 1104 1537 Pallenen·

122 1575 188 1620 sem
213 1556 431 1620 escensionem
452 1559 492 1618 ad
517 1559 728 1635 populandum
747 1559 827 1620 iecit.
861 1558 967 1620 linium
991 1559 1019 1622 is
1030 1575 1106 1634 ager

121 1642 395 1704 Cassandrensium
406 1648 482 1718 erat,
493 1643 798 1719 longelertilissimus
810 1642 909 1704 omnis
917 1656 999 1718 orae,
1013 1659 1105 1718 quam

120 1726 324 1803 praetervecti
336 1726 467 1786 inerant.
496 1725 540 1786 ibi
554 1727 705 1788 Eumenes
726 1742 782 1786 rex
798 1727 903 1802 viginti
918 1727 1006 1786 tectis
1020 1727 1105 1788 navi·

118 1811 179 1872 bus
201 1810 239 1870 ab
259 1807 335 1871 Elea
354 1811 513 1885 protectus
535 1809 645 1871 obvius
667 1812 736 1886 luit,
758 1818 788 1872 et
805 1809 1105 1887 quinquemissaea

119 1891 229 1956 Prusia
241 1907 316 1968 rege
325 1899 425 1955 tectae
445 1908 551 1954 navas.
578 1893 628 1954 XI.
648 1894 708 1957 hac
721 1893 831 1956 virium
845 1893 1026 1954 accessione
1041 1893 1105 1953 ani-

120 1992 190 2039 mus
206 1977 301 2038 crevit
315 1977 458 2054 praetori,
473 1984 507 2040 ut
518 1978 740 2039 cassandream
753 1983 955 2055 oppugnaret.
982 1977 1105 2038 condita

120 2067 169 2122 est
182 2078 201 2122 a
216 2059 392 2122 Cassandro
406 2077 480 2137 rege
494 2062 524 2121 in
539 2062 617 2138 ipsis
630 2061 782 2137 lancibus,
799 2076 878 2140 quae
892 2060 1106 2122 Pallenensem
1131 2125 1133 2134 ,

120 2160 228 2222 agrum
244 2151 364 2206 ceterae
377 2145 579 2207 Macedoniae
593 2147 735 2220 iungunt,
757 2145 829 2204 ltine
848 2145 1020 2206 Toronaico
1033 2143 1106 2204 lrinc

118 2229 320 2291 Macedonico
336 2236 445 2306 saepta
458 2228 543 2290 mari.
578 2228 690 2290 eminet
700 2243 835 2304 namque
848 2227 879 2299 in
894 2229 986 2289 altum
1001 2227 1105 2302 lingua

119 2313 152 2373 ln
173 2329 235 2389 qua
254 2313 314 2374 sita
334 2320 395 2388 est,
421 2327 480 2373 neo
506 2312 607 2374 minus
629 2328 722 2388 quam
740 2311 875 2373 inclutus
896 2309 1105 2386 magnitudine

122 2395 202 2462 Atho
218 2411 309 2458 mons
323 2395 466 2471 excurrit,
481 2395 616 2459 obversa
626 2396 657 2456 in
667 2396 826 2472 regionem
835 2394 1014 2471 Magnesiae
1028 2394 1104 2455 duo-

118 2479 178 2542 bus
199 2479 368 2557 imparibus
387 2480 620 2558 promontoriis,
648 2495 779 2556 quornm
805 2480 913 2542 malon
939 2477 1105 2540 Posideum

120 2573 168 2624 est
182 2579 308 2639 nornen,
329 2564 439 2625 minori
461 2563 689 2627 Canastraeum.
724 2564 833 2625 divisis
848 2562 989 2642 partibus
1005 2578 1104 2640 oppu-

119 2663 216 2722 grrare
222 2646 332 2709 adorti.
357 2650 514 2709 Romanus
529 2649 570 2709 ad
583 2647 676 2710 Clitas
693 2664 771 2725 quas
785 2653 898 2709 vocant
908 2647 1103 2720 munimenta,

119 2732 222 2791 cervis
237 2731 327 2791 etiarn
337 2731 476 2807 obiectis,
491 2739 525 2800 ut
537 2732 618 2793 viam
633 2730 856 2806 intercluderet,
871 2729 1103 2791 aMaeedonico

120 2815 161 2875 ad
179 2813 382 2877 Toronaicum
403 2831 488 2878 mare
511 2817 659 2892 perducit.
691 2815 730 2876 ab
751 2813 846 2875 altera
866 2821 953 2889 parte
977 2813 1104 2888 euripus

118 2907 181 2960 est:
197 2896 270 2960 inde
283 2899 437 2961 Eumenes
453 2901 659 2976 oppugnabat.
693 2897 842 2961 Romanis
867 2899 898 2958 in
919 2899 1006 2957 lossa
1021 2911 1103 2957 oom-

118 2983 247 3058 plenda,
276 2999 368 3060 quarn
388 2999 487 3060 nuper
506 2983 661 3045 obiecerat
679 2984 827 3058 Perseus,
853 2980 1015 3058 plurimum
1039 2984 1105 3040 erat

118 3065 244 3126 laboris.
285 3067 327 3128 ibi
354 3068 511 3143 quaerenti
534 3067 685 3144 praetori,
717 3066 790 3142 qula
814 3080 967 3142 nusquam
991 3063 1104 3125 cumuli

118 3148 319 3224 apparebant,
335 3167 397 3227 qno
409 3159 532 3226 regesta
543 3152 658 3212 eiossa
670 3157 751 3212 terra
762 3152 849 3223 leret,
860 3149 1020 3210 monstrati
1032 3145 1105 3209 sunt

119 3231 272 3293 lornicesc
287 3247 348 3294 non
363 3235 403 3294 ad
418 3235 548 3296 eandem
563 3234 873 3308 crassitudinemque
890 3239 1022 3294 veterem
1037 3247 1102 3290 mu-

117 3333 197 3391 rum,
212 3316 268 3377 sed
284 3317 416 3394 simplici
430 3319 557 3379 laterum
571 3319 679 3380 ordine
690 3325 823 3380 eductos
835 3331 916 3378 esse.
941 3311 1104 3376 consilium

118 3400 210 3474 igitur
229 3401 312 3477 cepit
331 3402 505 3462 transfosso
525 3403 642 3478 pariete
661 3401 722 3463 lter
741 3402 772 3461 in
790 3400 897 3462 urbem
918 3398 1104 3475 patefacere.

119 3485 224 3546 tallere
245 3491 345 3546 antem
368 3486 409 3545 ita
430 3501 464 3545 se
485 3501 597 3588 posse,
625 3487 652 3546 si
673 3500 779 3547 muros
801 3491 920 3560 aparte
935 3482 995 3541 alia
1010 3478 1104 3539 scalis
