2598 3956
275 234 391 296 umen
404 235 493 296 xan.
514 237 598 298 cau.
611 247 656 302 ro.
667 247 711 302 41.
735 247 770 315 [a.
784 249 816 306 c.
828 249 890 317 m]
1017 245 1078 310 roa
1138 337 1140 340 ι

109 393 176 447 tuos
197 385 298 445 tactae
316 384 413 445 videri
435 394 586 461 possuntt
612 388 750 465 Dolopes
771 407 790 450 a
810 398 840 451 te
860 391 929 468 ipso
951 397 1078 456 evastati

108 474 185 530 suot
211 467 363 529 Eumenes
377 481 433 529 rex
451 468 489 529 ab
503 470 601 530 Roma
615 487 684 532 oum
695 475 725 533 in
736 489 861 549 regnum
872 477 993 552 rediret,
1007 495 1078 555 pro·

109 568 145 628 pe
160 558 191 612 ut
206 550 328 611 victima
342 551 470 628 Delphis
484 553 516 613 in
530 561 651 615 sacrato
664 559 734 616 loco
751 565 821 618 ante
835 575 906 620 aras
921 569 1078 638 mactatus,

108 651 194 712 quem
207 635 360 698 insimulet
379 637 463 712 piget
484 637 613 699 referres
636 655 715 714 quae
735 639 854 717 hospes
874 643 1078 707 Brundisinus

107 719 225 778 ocomta
238 718 375 780 facinora
387 719 509 796 indicet,
524 728 638 783 eertum
652 722 751 783 habeo
767 730 798 784 et
815 725 929 801 scripte
944 727 996 786 tibi
1013 744 1077 789 om·

106 799 206 861 niaab
222 802 321 862 Roma
337 818 408 864 esse
429 811 460 865 et
479 805 597 880 legatos
620 813 692 867 tuos
711 809 915 870 renuntiasse.
943 809 1020 870 haec
1037 827 1076 871 ne

105 885 275 946 dicerentur
289 901 307 946 a
321 899 384 960 me,
400 903 462 949 uno
476 889 569 950 modo
585 891 680 950 vitare
694 889 833 966 potuisti,
851 908 913 954 non
929 909 1073 968 quaeren-

105 969 158 1042 do,
175 983 265 1043 quanr
279 968 319 1029 ob
333 985 457 1032 causam
474 973 627 1034 exercitus
642 973 673 1033 in
687 973 898 1034 Macedoniam
912 976 1075 1037 traiceren-

105 1061 164 1124 tur,
181 1053 407 1128 autpraesidia
421 1054 451 1115 in
466 1054 620 1117 sociorum
640 1056 735 1118 urbes
755 1057 951 1120 mitteremus.
981 1076 1074 1136 quae·

102 1135 177 1194 renti
188 1133 242 1194 tibi
257 1136 420 1211 superbius
431 1139 646 1213 tenuissemus,
659 1155 752 1214 quam
762 1157 836 1202 vera
845 1143 1074 1218 respondimus.

103 1217 244 1294 equidem
258 1234 315 1294 pro
331 1227 460 1295 paterno
473 1229 578 1284 nostro
592 1223 729 1298 hospitio
743 1225 834 1285 faveo
850 1225 979 1286 orationi
992 1233 1073 1299 tuae,

101 1308 132 1362 et
144 1309 232 1377 opto,
246 1308 279 1362 ut
293 1303 426 1378 aliquam
439 1305 513 1364 mihi
526 1305 680 1366 materiem
691 1306 842 1382 praebeas
853 1309 992 1384 agendae
1003 1315 1075 1370 tuae

101 1386 184 1460 apud
198 1391 339 1446 senatum
356 1393 502 1448 eausae.“

182 1467 257 1528 XLI.
276 1467 328 1528 Ad
349 1485 387 1530 ea
407 1486 463 1530 rex
488 1470 621 1546 „bonam
646 1487 786 1546 eausam,
812 1473 839 1532 si
859 1475 941 1551 apud
957 1473 1073 1535 iudices

100 1567 217 1626 aequos
231 1557 386 1628 ageretur,
401 1553 485 1630 apud
498 1555 626 1616 eosdem
646 1561 677 1616 et
695 1562 892 1618 accusatores
912 1564 942 1617 et
956 1557 1073 1618 iudices

99 1650 196 1710 agam
226 1650 332 1696 eorum
346 1643 447 1697 autem
465 1653 545 1713 quae
565 1638 685 1699 obieeta
705 1645 777 1700 sunt
796 1638 884 1714 mihi,
906 1641 1015 1717 partim
1036 1655 1071 1702 ea

99 1725 183 1794 sunt,
198 1718 311 1794 quibus
325 1720 431 1781 neseio
446 1735 484 1782 an
499 1721 622 1797 gloriari
637 1721 779 1798 debeam,
802 1724 912 1799 partim
932 1740 1012 1800 quae
1028 1725 1071 1784 la·

98 1801 153 1862 teri
166 1816 229 1861 non
243 1800 436 1879 erubescam,
452 1807 560 1881 partim
576 1821 655 1880 quae
673 1805 768 1865 verbo
784 1805 1007 1868 obiectaverbo
1019 1821 1071 1867 ne·

97 1899 171 1958 gare
186 1884 235 1945 sit
267 1885 341 1962 quid
358 1885 452 1962 enirn,
474 1889 501 1948 si
522 1887 641 1962 legibus
664 1889 772 1949 vestris
794 1888 888 1951 hodie
909 1905 981 1951 reus
1004 1889 1071 1964 sim,

96 1975 149 2030 aul
161 1967 256 2028 index
269 1968 476 2032 Brundisinus
489 1977 539 2031 aut
552 1971 705 2032 Eumenes
727 1973 800 2032 mitri
821 1972 948 2047 obiciat,
969 1980 1004 2033 ut
1020 1988 1071 2033 ao-

97 2065 206 2112 cusara
230 2051 333 2128 potius
355 2067 429 2114 vere
450 2070 541 2129 quarn
560 2055 725 2115 conviciari
745 2055 928 2117 videantur?
955 2056 1072 2117 scilicet

95 2149 153 2194 nec
165 2134 334 2208 Eumenes,
353 2151 423 2196 oum
438 2144 499 2198 tarn
514 2138 614 2199 multis
628 2138 731 2214 gravis
743 2138 865 2215 publice
878 2154 915 2200 ac
929 2139 1069 2215 privatim

95 2217 152 2294 sit,
170 2218 261 2278 elium
277 2233 370 2294 quam
388 2235 437 2278 me
459 2219 612 2280 inimicum
631 2220 754 2291 habaiu
776 2237 877 2297 neque
897 2237 955 2298 ego
971 2222 1068 2297 potio-

92 2317 160 2362 rem
175 2311 360 2378 quemquam
374 2302 413 2362 ad
428 2301 595 2364 ministeria
605 2304 773 2364 facinorum
785 2319 876 2380 quam
889 2305 1069 2378 Rammium,

94 2399 186 2458 quem
200 2399 460 2462 nequaquaquam
474 2392 547 2448 aute
559 2385 697 2450 videram
717 2403 775 2448 nee
795 2403 879 2448 eram
901 2394 1013 2465 postea
1026 2389 1070 2446 vi-

92 2483 201 2544 surus,
220 2465 358 2532 iuvenire
377 2469 472 2545 potui.
508 2477 538 2532 et
556 2471 785 2546 Thebanorum,
807 2487 888 2546 quos
910 2470 1069 2546 naunagm

89 2551 216 2628 perisse
226 2558 361 2626 constet,
376 2560 407 2613 et
419 2554 573 2614 Artetauri
594 2554 699 2616 caedis
718 2554 791 2616 mihi
810 2555 971 2616 reddenda
992 2555 1069 2615 ratio

90 2641 156 2706 esta
174 2636 206 2696 in
225 2651 288 2712 qua
299 2641 401 2696 tamen
415 2635 490 2696 nihil
503 2636 583 2696 ultra
597 2637 727 2700 obicitur
746 2653 839 2713 quam
857 2639 1068 2700 interfectores

88 2719 160 2780 eius
173 2717 204 2778 in
217 2733 313 2794 regno
329 2719 493 2779 exsulasse
506 2735 586 2780 mco.
617 2723 704 2782 cuius
722 2721 913 2782 condicionis
927 2721 1066 2796 iniquita·

87 2809 153 2862 tem
167 2801 210 2862 ita
222 2817 285 2863 uon
299 2817 368 2863 sum
383 2808 597 2876 recusaturus,
612 2803 641 2864 si
653 2819 712 2864 vos
728 2818 852 2878 quoque
866 2803 1020 2879 aeelpitis,
1037 2809 1069 2863 ut

88 2884 277 2960 quicumque
290 2885 414 2947 exsules
429 2884 461 2945 in
475 2885 590 2946 ltaliam
606 2894 659 2948 aut
676 2887 804 2948 Romam
819 2902 854 2948 se
870 2886 1068 2961 contulerunt,

86 2968 138 3028 his
154 2969 339 3042 faunorum,
353 2974 480 3044 propter
497 2983 577 3044 quae
593 2967 726 3032 damnati
745 2977 833 3046 sunt,
854 2977 995 3031 auctores
1010 2983 1067 3030 vos

86 3052 189 3112 tuisse
201 3051 364 3112 fateamini.
395 3051 497 3114 sihoe
512 3059 542 3114 et
556 3068 613 3113 vos
627 3053 806 3116 recusabitis
822 3059 852 3114 et
866 3068 974 3116 omnes
989 3053 1068 3114 aliae

84 3141 212 3212 gentes,
227 3149 287 3211 ego
302 3150 429 3212 quoque
446 3135 525 3198 iuter
545 3144 666 3200 eeteros
688 3153 751 3198 ero.
779 3144 809 3198 et
828 3136 966 3211 hercule,
993 3137 1067 3211 quid

85 3217 196 3280 attinet
210 3219 353 3295 cuiquam
369 3219 511 3280 exsilium
522 3225 642 3295 patere,
658 3221 685 3282 si
699 3237 852 3296 nusquam
874 3221 973 3282 exsuli
988 3221 1065 3279 lutu-

84 3303 246 3364 rualocus
262 3308 331 3364 cati
359 3317 418 3378 ego
433 3309 534 3363 tamen
550 3304 645 3379 istos,
666 3313 699 3366 ut
719 3305 849 3381 primum
868 3303 899 3366 in
921 3301 1066 3364 ldacedo·

82 3385 139 3445 nia
153 3401 227 3448 esse
241 3384 415 3448 admonitus
434 3385 556 3446 avobis
571 3389 722 3465 comperi,
743 3389 907 3464 requisitos
927 3385 1012 3446 abire
1027 3400 1066 3442 ex

82 3485 185 3544 reguo
206 3469 298 3545 iussi,
318 3476 350 3530 et
370 3469 400 3530 in
422 3475 603 3546 perpetuum
623 3471 764 3533 interdixi
787 3471 897 3531 finibus
922 3469 1009 3529 meis.
1035 3471 1067 3526 et

810 3557 865 3614 11*
