2570 3952
171 215 234 278 300
310 214 506 276 ΕΡΙΤΟΜΑΕ
521 167 721 274 LIBRoRUii
734 211 1014 271 XLVl--XLVIIL

123 388 132 396 -
170 363 304 416 reliquerat,
324 362 430 402 eontinet.
450 359 510 402 hunc
524 357 656 404 Antiochum
674 370 765 412 puerum
785 369 834 400 cunr
848 359 914 412 Lysia
934 361 1007 399 tutore
1021 357 1156 400 Demetrius

171 417 260 458 Seleuci
275 415 347 463 iiius,
367 416 404 466 qui
419 415 502 455 Romae
517 414 584 454 obses
599 413 681 463 iuerat,
701 414 768 462 clam,
788 414 840 465 quia
855 423 899 453 non
914 411 1066 452 dimittebatur
1080 422 1093 450 a
1106 411 1156 453 Ro·

170 471 248 518 manis,
264 470 386 518 interemit3
402 471 424 508 et
438 469 487 522 ipse
501 469 523 509 in
538 479 629 520 reguum
644 472 755 520 receptus.
772 469 797 510 b.
810 467 904 508 Aemillo
917 465 996 513 Paulo,
1012 467 1049 518 qui
1065 465 1154 506 Persen

170 527 267 573 vicerat,
283 525 370 564 mortuo
384 525 446 562 tanta
461 523 509 564 elus
523 522 658 564 abstinentia
673 521 726 572 luit,
742 523 777 570 ut,
793 531 842 561 cnm
857 531 886 560 ex
899 519 1007 572 Hispania
1022 521 1045 560 et
1060 529 1088 558 ex
1103 518 1153 560 ilia·

169 578 264 618 cednnia
278 577 396 617 immensas
411 585 466 628 opes
480 575 616 625 rettulisset,
631 577 670 615 vix
684 587 713 616 er
727 575 829 616 auctione
844 574 892 614 eius
906 573 1020 614 redactum
1034 573 1075 620 sit,
1092 571 1158 612 unde

170 633 235 672 uxori
255 631 305 672 eius
323 629 363 670 dos
382 629 513 672 solveretur.
535 629 666 682 Pomptinae
684 628 779 682 paludes
794 639 807 669 s
821 625 924 668 Cornelio
939 625 1038 678 Cethego
1052 625 1155 674 consule,

169 687 204 726 cui
219 697 244 724 ea
275 685 374 726 rorlucia
388 687 504 733 evenerat,
519 685 627 734 siccatae,
643 693 740 735 agerque
755 693 783 723 ex
798 683 827 722 iis
841 681 921 722 iactus.

222 739 260 780 XL
282 739 307 780 il.
323 737 365 782 cn.
379 737 497 780 Tremellio
513 739 601 778 tribuno
616 736 688 790 plebia
702 735 772 777 muita
786 736 846 776 dieta
860 736 905 785 est,
922 733 1047 786 quodcum
1061 733 1093 774 Μ.
1108 735 1155 774 Ae-

168 792 229 834 milio
247 791 332 845 Lepido
354 791 461 844 pontifice
484 792 580 834 marimo
600 791 706 832 iniuriose
726 789 882 838 contenderat,
907 797 1065 840 actorumque
1086 797 1156 838 quam

168 847 342 940 fflffiugrsntr
355 843 792 950 mesnspogffirucsivffieffluenzrgssrtm
803 840 1156 949 tldtgzntguggfflniliaoessrsgerggltl:

169 953 357 1006 quattuordecime
376 957 481 1006 princeps
499 955 591 994 senatus
610 952 682 996 iectus
696 951 803 994 Aemilius
816 949 921 1002 Lepidus.
941 951 998 992 iuter
1011 948 1157 992 Ptolemaeos

169 1007 261 1057 iratres,
281 1007 319 1059 qni
339 1006 490 1056 dissidebant,
511 1007 589 1048 foedus
609 1007 688 1055 ictum,
708 1011 733 1046 ut
751 1005 808 1047 aiter
822 1005 923 1057 Aegypto
937 1003 995 1045 aiter
1010 1001 1103 1058 Cyrenis
1117 1013 1154 1044 re·

169 1063 252 1112 gnaret.
268 1058 408 1110 ariarathes,
424 1059 579 1114 Cappadociae
593 1065 644 1110 rex,
665 1058 758 1100 consilio
772 1058 879 1100 Demetrii
893 1059 952 1110 regis
967 1055 1046 1108 Syriae
1061 1059 1083 1098 et
1097 1057 1154 1097 riri-

139 1113 143 1118 '
169 1115 211 1154 bns
225 1115 305 1166 pulsus
320 1125 401 1169 regno,
420 1125 434 1154 a
447 1117 526 1156 senatu
540 1113 657 1156 restitutus
671 1116 712 1154 est.
726 1114 788 1154 missi
803 1123 816 1152 a
830 1115 909 1152 senatu
924 1111 962 1162 qui
978 1113 1035 1151 inter
1049 1109 1155 1152 Masinis·

170 1177 217 1208 sam
232 1171 255 1209 et
270 1167 464 1220 Carthaginienses
479 1167 505 1208 de
520 1179 572 1220 agro
586 1167 719 1208 iudicarent.
734 1167 759 1210 c.
774 1166 871 1207 Marcius
885 1164 962 1206 consul
978 1164 1086 1206 adversus
1097 1163 1154 1204 Dai-

169 1225 240 1264 maias
255 1221 348 1274 primam
364 1233 440 1274 parum
455 1231 573 1275 prospere,
589 1223 669 1274 postea
683 1220 779 1262 feliciter
793 1221 910 1273 pugnantia
930 1229 979 1260 eum
994 1219 1075 1270 quibus
1089 1216 1155 1258 bello

170 1274 302 1328 confligendi
321 1285 387 1318 causa
407 1276 460 1326 suit,
482 1275 542 1328 qood
561 1275 661 1328 illyrios,
684 1274 762 1328 populi
781 1273 873 1316 Romani
887 1273 972 1324 souma,
992 1275 1153 1321 vauterante

170 1328 308 1381 eandemque
317 1333 404 1384 gentem
415 1330 533 1373 Cornelius
543 1328 625 1370 Nasica
635 1328 712 1372 consil
723 1328 815 1369 domuit.
828 1327 856 1371 Q.
869 1327 971 1380 Opimius
982 1327 1060 1366 consul
1072 1327 1152 1366 Trans-

170 1383 259 1436 alpinos
273 1383 379 1436 Ligures,
395 1385 434 1436 qui
447 1382 623 1427 Massiliensium
637 1381 720 1436 oppida
734 1381 855 1435 Antipolim
869 1384 893 1421 et
906 1380 1012 1422 Nicaeam
1026 1380 1153 1428 vastabant,

169 1438 265 1489 subegit.
280 1441 397 1490 praeterea
410 1447 446 1478 res
460 1439 482 1478 in
497 1436 603 1490 Hispania
618 1448 631 1478 a
644 1436 795 1490 compluribus
810 1445 886 1488 pamm
896 1444 1002 1488 prospere
1013 1435 1090 1486 gestas
1102 1444 1153 1474 con-

169 1492 233 1531 tinet.
256 1490 361 1532 consules
375 1502 431 1532 anno
446 1491 624 1544 quingentesimo
644 1490 786 1542 nonagesimo
801 1492 879 1529 octavo
894 1489 921 1528 ab
936 1489 990 1530 urbe
1005 1487 1094 1528 condita
1108 1498 1153 1530 ma·

170 1545 296 1596 gistratum,
310 1545 407 1596 peractis
421 1545 516 1586 comitiis
529 1545 712 1596 insequentiaque
726 1545 778 1584 anni
792 1541 922 1584 consulibus
936 1543 1024 1591 creatis,
1039 1540 1089 1582 Kal.
1105 1543 1150 1586 ian

171 1599 227 1638 inire
241 1601 369 1650 coeperunt.
385 1598 484 1640 motandi
499 1599 589 1640 comitia
603 1608 669 1639 causa
684 1598 726 1638 tuit
740 1598 800 1650 quod
815 1597 908 1650 Hispani
918 1596 1067 1638 rebellabant.
1083 1594 1154 1650 legati

170 1651 199 1692 ad
214 1649 382 1704 disceptandum
397 1652 455 1693 inter
465 1650 659 1704 carthaginienses
674 1654 696 1692 et
705 1653 846 1692 Masinissam
860 1651 921 1692 missi
935 1652 1093 1690 nuntiaverunt
1107 1649 1154 1690 vim

169 1705 257 1746 navalis
270 1704 377 1746 materiae
390 1714 415 1746 aa
429 1703 564 1758 Cartbagine
578 1703 760 1758 deprehendisse.
776 1705 863 1757 aliquot
877 1708 993 1758 praetores
1007 1704 1154 1757 aprorinciis

170 1759 277 1800 avaritiae
292 1760 380 1800 nomine
394 1760 493 1802 accusati
508 1759 604 1800 damnati
619 1762 678 1801 sunt.

223 1811 319 1855 XLVili.
339 1814 440 1855 Lustrum
460 1825 474 1854 a
488 1815 617 1854 censoribus
632 1813 742 1855 conditum
758 1817 803 1855 est:
823 1822 889 1854 censa
907 1815 959 1853 sunt
979 1811 1060 1852 civium
1079 1813 1154 1864 capita

170 1871 269 1909 trecenta
283 1867 362 1920 viginti
377 1871 484 1919 quattuor
498 1868 568 1914 mlila.
583 1868 667 1908 semina
681 1869 741 1910 tertii
757 1866 810 1908 belli
820 1867 900 1908 PunIci
913 1865 1048 1908 referuntur.
1065 1877 1114 1907 oum
1128 1866 1152 1906 in

170 1920 250 1962 fluibus
266 1920 479 1974 carthaginiensium
493 1923 572 1973 ingens
586 1921 729 1963 Numidarum
744 1921 861 1970 exereitus,
878 1919 933 1960 duee
946 1921 1095 1962 Ariobarzane
1110 1919 1153 1972 Sy·

170 1973 249 2026 pliacis
264 1977 350 2026 nepote,
367 1975 478 2018 diceretur
492 1985 553 2026 esse,
569 1976 601 2021 Μ.
617 1974 708 2016 Porcius
723 1975 780 2017 Cato
794 1975 871 2024 suasit,
887 1976 912 2014 nt
922 1973 1153 2027 Carthaginiensibus,

171 2039 220 2069 cum
233 2027 402 2071 Ariobarzanem
417 2030 493 2082 specie
508 2031 585 2070 eontra
599 2029 740 2071 Masinissam
754 2039 840 2082 regem,
856 2027 934 2070 sadra
948 2039 1002 2070 vera
1017 2031 1095 2069 eontra
1108 2027 1152 2068 lio·

170 2091 245 2122 manos
260 2084 352 2123 accitum
367 2085 389 2124 in
404 2083 484 2124 tinibus
498 2081 612 2132 haberent,
627 2083 710 2127 beilum
725 2083 865 2124 indiceretur.
881 2082 1045 2123 contradicente
1058 2081 1084 2122 P.
1098 2080 1153 2123 cor-

171 2136 229 2176 nelio
251 2134 333 2178 Nasica
354 2139 438 2190 placuit
460 2136 546 2190 legatos
566 2138 623 2178 mitti
645 2137 811 2189 Carthaginem,
837 2137 876 2188 qui
897 2137 1075 2190 specularentur,
1098 2134 1153 2187 qaid

169 2192 281 2242 ageretur.
301 2193 410 2244 castigato
426 2195 506 2233 senatu
522 2189 747 2244 carthaginiensium,
770 2190 831 2244 quod
846 2194 923 2231 cantra
937 2190 1017 2231 loedua
1031 2193 1053 2230 et
1067 2189 1153 2231 exerci-

170 2247 217 2285 tum
238 2247 260 2284 et
279 2245 370 2287 navales
390 2247 495 2288 materias
513 2243 631 2296 haberent,
653 2257 731 2299 pacem
751 2247 808 2287 inter
828 2256 867 2286 eoa
885 2249 909 2285 et
922 2245 1063 2286 Masinissam
1078 2243 1152 2284 iacere

170 2296 300 2348 voluerunt,
322 2299 442 2342 Masinissa
459 2309 523 2354 agro,
544 2299 572 2340 de
586 2310 630 2352 quo
645 2299 673 2340 iis
689 2303 746 2348 erat,
767 2299 867 2340 cedente.
882 2298 923 2339 sed
939 2297 1007 2350 Gisgo
1022 2297 1153 2339 Hamilcaris

169 2351 241 2399 dilus,
257 2351 323 2393 homo
337 2353 471 2403 seditiosus,
492 2353 531 2405 qui
545 2355 592 2394 tum
606 2355 628 2394 ln
642 2357 772 2404 magistratu
788 2357 846 2402 erat,
862 2363 909 2394 cum
923 2357 1014 2393 senatus
1027 2351 1151 2404 pariturum

169 2415 195 2447 se
209 2403 290 2446 iudicio
305 2407 386 2458 legatis
401 2406 507 2455 dixisset,
528 2407 559 2447 ita
574 2406 656 2447 bellum
676 2406 785 2448 adversus
798 2406 909 2448 Romanos
923 2404 1037 2447 suadendo
1053 2405 1151 2445 concita·

170 2460 215 2508 rit,
235 2462 261 2500 ut
275 2460 371 2511 legatos,
387 2470 432 2512 quo
447 2461 520 2501 minus
534 2461 684 2509 violarentur,
704 2459 755 2512 iuga
769 2461 909 2513 explicuerit.
931 2459 954 2501 id
974 2459 1105 2500 nuntiantes
1119 2459 1152 2498 in-

170 2515 251 2553 festum
265 2516 309 2554 ianr
324 2515 425 2554 senatum
441 2512 661 2565 Carthaginiensibus
675 2514 810 2555 infestiorem
827 2515 936 2557 iecerunt.
952 2513 982 2558 M.
995 2513 1086 2555 Porcius
1095 2512 1152 2555 Cato

169 2566 209 2608 iiill
224 2566 247 2616 ln
265 2569 370 2620 praetura
389 2568 469 2608 mortui
483 2567 549 2608 iunus
563 2567 705 2616 tenuissimo,
726 2572 751 2611 ot
765 2569 839 2622 potuit
853 2593 879 2602 -
893 2579 942 2607 nam
957 2577 1041 2620 pauper
1055 2569 1102 2608 erat
1116 2589 1151 2618 -,

169 2621 260 2672 sumptu
276 2621 334 2662 iecit.
353 2620 486 2672 Andriscus,
508 2621 546 2673 qui
561 2631 586 2664 se
600 2621 676 2662 i’ersei
690 2622 769 2672 ilium,
788 2624 847 2674 regis
868 2621 980 2674 quondam
998 2620 1143 2662 Macedoniae

170 2675 254 2726 ingenti
269 2674 437 2716 adseveratione
452 2677 595 2724 mentiretur,
610 2676 701 2718 Humana
715 2678 805 2720 missos.
820 2676 851 2716 Μ.
865 2675 973 2717 Aemilius
986 2675 1096 2728 Lepidus,
1112 2675 1151 2726 qni

170 2729 275 2781 princeps
293 2733 385 2770 senatus
406 2731 478 2771 sextis
496 2731 540 2771 lam
559 2731 689 2772 censoribus
708 2734 756 2772 erat
774 2731 858 2779 iectus,
886 2732 1004 2781 antequam
1019 2729 1150 2782 exspiraret,

170 2783 284 2837 praecepit
299 2783 363 2832 liliis,
383 2783 442 2826 lecto
456 2794 482 2825 se
495 2787 566 2825 atrato
579 2787 627 2826 sine
643 2785 729 2834 linteis,
748 2786 797 2826 sine
818 2794 915 2837 purpura
929 2785 1044 2833 efferrent3
1063 2784 1085 2822 in
1100 2782 1150 2823 reii-

170 2848 238 2890 quum
253 2837 318 2879 iunus
333 2850 360 2880 ne
375 2839 426 2891 plus
440 2848 505 2890 quam
519 2840 577 2880 aeris
592 2839 683 2880 deciens
697 2839 864 2880 consumerent:
880 2839 998 2892 imaginum
1007 2838 1090 2931 specle,
1106 2847 1150 2876 non

169 2893 295 2945 sumptibus
313 2893 426 2934 nobilitari
446 2903 573 2945 magnorum
588 2895 684 2934 virorum
699 2892 776 2935 lunera
790 2892 871 2935 solere.
892 2893 919 2932 de
935 2891 1018 2932 senefia
1028 2891 1047 2931 is
1062 2890 1149 2943 qnaesi-

171 2947 226 2986 tum.
247 2947 348 2988 Publicia
363 2948 386 2987 et
400 2947 496 2997 Licinia,
519 2948 607 2988 nobiles
622 2947 726 2998 feminae,
747 2957 805 3000 quae
825 2946 887 2988 viros
901 2955 954 2987 suos
967 2944 1096 2986 consulares
1111 2955 1148 2985 ne·

170 3008 233 3040 casse
253 2999 448 3050 insimulabantur,
467 3003 556 3054 cognita
573 3010 650 3050 causa,
670 3013 719 3042 cum
733 3001 829 3054 praetori
850 3011 890 3054 pro
905 3011 929 3040 ae
943 3000 1013 3041 vades
1027 2999 1150 3050 dedissent,

170 3055 314 3146 ffigniertorglnlr
329 3053 524 3148 dtecretoonecfatae
538 3059 598 3098 sant.
615 3055 711 3104 Gulussa
725 3055 858 3148 Maainizsaha
872 3055 935 3148 11Ιὶυὲ
947 3054 1088 3148 ᾱΙειιιιιιῑὶιιΜ
1097 3051 1149 3094 Car·

171 3117 372 3210 cirsensii?
384 3117 554 3204 eremiti
573 3109 764 3213 ratidai.
779 3108 1083 3205 iiraiibniiiiiii
1095 3118 1151 3202 iii

170 3217 253 3255 temere
272 3214 396 3256 iaciendum
416 3216 500 3267 piaoait
519 3216 595 3258 decern
614 3217 671 3257 mitti
685 3216 772 3269 legatos
786 3216 979 3268 exploratum.
995 3215 1095 3258 Licinius
1107 3215 1150 3255 Lu·

170 3268 244 3310 euiius
265 3270 292 3312 Α.
310 3269 439 3310 Postumius
458 3269 553 3311 Albinus
572 3270 677 3312 consules
694 3282 743 3312 cunr
764 3269 868 3310 dilectum
888 3280 966 3312 severa
985 3271 1088 3322 agerent,
1110 3279 1151 3310 nec

170 3332 302 3375 quemquam
317 3323 388 3376 gratia
403 3323 551 3376 dimitterent,
568 3327 595 3366 ab
611 3325 705 3368 tribunis
719 3324 804 3378 piebis,
825 3326 863 3376 qui
878 3336 919 3378 pro
933 3324 1010 3364 amicis
1021 3323 1071 3364 saia
1087 3333 1149 3362 raca·

169 3377 252 3417 tionem
267 3379 386 3430 impetrare
400 3389 444 3418 non
459 3381 572 3431 poterant,
588 3381 609 3419 in
624 3389 734 3420 carcerem
748 3379 843 3420 conlecti
857 3381 916 3420 sunt.
937 3389 985 3418 cum
1000 3376 1149 3430 Hispaniense

168 3429 252 3471 beilum
270 3442 348 3483 parum
367 3441 474 3486 prospere
494 3431 615 3485 ailquoties
633 3434 720 3486 gestum
738 3435 771 3474 iia
791 3431 929 3473 contudisset
943 3431 1056 3473 civitatem
1071 3429 1149 3472 Roma·

168 3493 226 3533 nam,
242 3488 267 3525 ut
281 3497 309 3526 ne
323 3487 338 3525 ii
353 3487 443 3538 quidem
458 3486 616 3538 invenirentur,
632 3487 670 3539 qul
683 3490 722 3528 aut
735 3487 871 3528 tribunatum
886 3487 1015 3538 exciperent
1029 3488 1068 3527 aut
1082 3485 1149 3536 iegati
