2598 3956
330 163 520 225 uranum.
544 165 628 225 cnr.
644 175 687 227 m.
702 177 746 230 n.
769 169 805 244 p.
821 175 853 226 c.
870 171 931 248 aar]
1077 171 1117 236 71
1219 157 1222 162 '

132 317 382 402 compositisque
397 317 443 377 ibi
463 317 557 378 rebus
579 334 649 381 curn
671 319 807 382 adsensu
826 329 947 396 patrum
963 337 1117 400 exposue-

130 409 215 462 runt.
241 407 271 461 et
283 417 303 460 a
316 399 458 476 Philippo
472 415 546 478 rege
559 401 762 464 Macedonum
777 405 839 478 duo
854 406 944 482 legati
958 417 1117 484 venerunt,

127 485 285 546 Philocles
296 485 467 561 ethpalles,
474 485 558 546 nulla
564 500 659 562 super
669 501 712 561 re,
720 501 800 564 quae
811 491 945 565 petendu
955 491 994 552 ab
1007 499 1117 554 senatu

129 577 233 642 esset,
254 569 445 645 speculatum
464 570 562 645 magis
576 569 816 650 inquisitumque
830 573 918 636 missi
932 575 1024 636 dalis
1040 591 1116 652 quo-

126 652 346 714 rum'Perseus
359 653 544 717 Dcmchium
558 652 766 717 insimulasset
779 671 956 718 sermonum
969 675 1040 720 curn
1050 661 1115 722 ‘Ro-

126 737 247 812 manis,
273 737 405 798 maxime
420 753 499 798 cum
517 735 549 796 T.
572 737 734 813 Quinctio,
752 741 902 803 adversus
927 743 1051 804 tratrem
1076 745 1116 805 de

126 837 231 896 regno
244 821 424 882 habitorum.
446 822 505 882 hos
519 827 675 898 tanquam
689 823 808 886 medios
823 827 923 886 necin
935 827 1060 888 alterius
1072 829 1116 888 la-

130 920 240 966 varem
259 904 421 968 inclinatos
441 905 566 966 miserat
584 923 656 967 rex:
685 915 770 968 erunt
791 916 891 970 autem
911 917 941 972 at
959 909 991 971 hi
1011 909 1117 974 Persei

129 990 250 1050 nandls
265 989 296 1048 in
311 991 434 1050 tratrem
448 989 576 1051 ministri
591 999 621 1053 et
635 992 810 1069 participes.

217 1072 389 1136 Demetrius
420 1073 555 1136 omnium
584 1084 800 1152 praeterquam
832 1079 965 1137 fraterno
998 1082 1117 1141 scelere

131 1160 219 1234 quod
239 1173 338 1234 nuper
358 1167 503 1235 eruperat
523 1160 649 1234 ignarus
670 1162 770 1239 primo
790 1176 893 1238 neque
907 1174 1049 1240 magnam
1063 1179 1116 1224 ne·

129 1257 195 1319 que
209 1243 322 1304 nullam
338 1258 424 1319 spera
439 1242 573 1304 habebat
591 1253 707 1322 patrem
724 1245 781 1306 sibi
796 1245 912 1321 placari
926 1262 1040 1322 possc3
1061 1248 1115 1308 nii-

129 1343 191 1388 nus
217 1323 328 1388 deinde
353 1327 383 1388 in
404 1327 471 1391 dies
491 1328 588 1402 patris
612 1329 714 1390 animo
734 1328 863 1403 fidebat,
881 1343 958 1391 rcurn
980 1330 1117 1391 obsideri

130 1425 225 1472 aures
240 1427 259 1471 a
272 1413 366 1472 fratre
380 1419 528 1472 cerneret.
549 1412 652 1488 itaque
665 1412 917 1492 circumspiciens
929 1414 1011 1474 dicta
1021 1415 1115 1474 lacta·

131 1509 280 1570 quesne,
304 1511 343 1555 ne
358 1496 446 1558 cuius
460 1497 657 1575 suspiciones
671 1503 811 1572 augeret,
833 1497 965 1557 maxime
979 1498 1018 1558 ab
1033 1499 1115 1558 omni

25 1599 26 1602 ¹
129 1579 286 1640 mentione
300 1585 331 1639 et
345 1579 527 1655 contagione
540 1579 748 1642 Rornanorum
762 1580 947 1656 abstinebat,
966 1589 1001 1643 nt
1014 1595 1116 1658 neque

129 1663 226 1726 scribi
240 1664 300 1724 sibi
312 1665 413 1737 vellet,
426 1663 502 1739 ‘quia
516 1664 576 1725 hoc
591 1665 757 1740 praecipue
769 1665 927 1726 criminum
936 1679 1051 1742 genere
1063 1679 1115 1726 en·

130 1747 271 1822 asperari
285 1747 419 1810 animum
432 1748 591 1809 sentiebat.
618 1748 696 1808 XXI.
717 1748 885 1824 Philippus,
899 1749 1042 1810 simulne
1054 1750 1115 1810 otio

132 1833 223 1893 miles
242 1831 378 1895 deterior
393 1831 494 1906 lieret,
515 1832 605 1892 simul
619 1833 803 1894 auertendae
819 1833 1005 1908 suspicionis
1020 1847 1113 1894 causa
1197 1861 1199 1864 ·

132 1916 297 1991 quicquam
312 1931 331 1976 a
344 1931 380 1975 se
401 1915 507 1990 agitari
522 1916 561 1977 de
575 1917 714 1977 Romano
729 1915 819 1990 bello,
834 1907 949 1978 Stobos
962 1913 1115 1978 Paeoniae
1132 1948 1134 1950 ·

127 1999 270 2062 exercitu
285 1999 398 2060 indicto
414 2000 445 2058 in
459 1997 629 2060 Maedicam
644 2000 759 2061 ducere
773 2001 881 2075 pergit.
916 2001 1030 2076 cupido
1046 2013 1116 2060 enm

130 2093 258 2160 ceperat
275 2084 305 2143 in
319 2082 465 2144 ramicum
478 2083 586 2142 Haemi
606 2084 719 2143 montis
738 2084 937 2156 ascendendi,
962 2085 1035 2159 quia
1050 2085 1115 2144 vul·

25 2219 26 2224 ,
131 2175 222 2244 gatae
244 2165 381 2243 opinioni
401 2165 575 2226 crediderat
594 2166 751 2228 Ponticum
773 2166 863 2226 simul
884 2175 914 2226 et
927 2167 1116 2228 Adriaticum

132 2268 218 2312 mare
237 2259 268 2312 et
286 2253 422 2311 Histrum
443 2264 562 2314 amnem
584 2257 615 2310 at
628 2251 726 2324 Alpes
748 2250 885 2324 conspici
903 2263 1014 2324 possm
1044 2251 1116 2311 sub·

131 2337 212 2396 lecta
232 2336 330 2398 oculis
346 2349 385 2396 ea
396 2334 480 2398 haud
495 2333 583 2410 parvi
599 2331 657 2394 sibi
672 2333 817 2394 momenti
832 2333 933 2396 lutura
947 2333 987 2394 ad
1002 2330 1116 2408 cogita·

133 2421 245 2482 nonen
265 2418 396 2482 Romani
419 2419 501 2479 belli.
536 2425 752 2494 percunctatus
778 2417 913 2498 regionis
939 2418 1055 2494 peritos
1076 2418 1117 2477 de

131 2519 266 2566 ascensu
276 2502 393 2577 Haemi,
409 2517 478 2564 cum
492 2503 567 2564 satis
582 2503 782 2564 interamnae
798 2510 952 2564 constaret
966 2503 1047 2562 viam
1062 2517 1115 2560 ex-

24 2591 32 2675 ᾗ,
126 2589 238 2650 ercitui
259 2590 372 2649 nullam
386 2601 473 2662 esse,
496 2586 603 2663 paucis
625 2594 655 2648 ct
675 2587 826 2663 expeditis
849 2586 1117 2662 pardithclllimum

132 2674 258 2746 aditum,
271 2681 305 2734 ut
318 2685 461 2737 sermone
475 2671 614 2732 familiai
628 2673 778 2732 minorem
792 2670 887 2732 filium
901 2673 1115 2746 permulceret,

134 2771 225 2832 quern
240 2763 387 2820 statuerat
400 2771 463 2818 nan
479 2756 593 2816 ducere
608 2770 722 2829 secum,
738 2753 869 2830 primum
885 2755 1003 2829 quaerit
1017 2754 1056 2813 ab
1067 2769 1116 2828 eo,

134 2857 201 2900 curn
215 2847 300 2902 tanta
313 2839 479 2904 dilncultas
494 2838 611 2900 itineris
626 2845 831 2915 proponatur,
852 2837 953 2899 utrum
969 2851 1115 2912 perseve-

24 2939 26 2988 1
133 2925 263 2986 randum
283 2925 323 2986 sit
343 2926 373 2985 in
386 2925 517 3005 ‚incepto
539 2939 577 2984 an
593 2923 816 2986 abstinendum.
849 2923 875 2983 si
891 2930 998 2998 pergat
1011 2927 1114 2982 tamen

134 3011 192 3082 ire,
208 3025 270 3070 non
284 3025 380 3084 posse
396 3006 535 3071 oblivisci
550 3023 585 3069 se
599 3007 629 3066 in
643 3007 754 3068 talibus
769 3007 862 3067 rebus
878 3005 1039 3081 Antigoni,
1062 3002 1115 3080 qui

135 3107 230 3154 saeva
245 3094 573 3170 tempestateiactatus,
591 3107 658 3152 cum
669 3091 700 3150 in
712 3091 819 3152 eadem
831 3107 911 3151 nave
923 3105 1028 3150 secum
1040 3105 1116 3150 suos

136 3191 242 3238 ornnes
257 3177 431 3251 habuisset,
450 3176 648 3254 praecepisse
663 3175 766 3236 liberis
783 3175 949 3246 diceretur,
964 3180 998 3236 ut
1012 3179 1042 3232 et
1056 3172 1117 3247 ipsi

129 3261 346 3323 meminissent
366 3270 396 3322 et
417 3263 458 3324 ita
477 3261 610 3338 posteris
632 3261 811 3337 proderent,
832 3274 871 3320 ne
887 3258 956 3335 quis
971 3261 1118 3317 cunctata

137 3353 226 3420 gente
240 3346 330 3407 simul
344 3345 374 3405 in
389 3346 483 3406 rebus
499 3345 600 3406 dubiis
616 3345 779 3421 periclitari
795 3342 927 3412 auderet.
952 3348 1118 3399 memorem

137 3445 210 3506 ergo
233 3445 268 3490 se
291 3429 447 3505 praecepti
470 3429 537 3491 eius
560 3429 639 3492 duos
655 3429 744 3489 simul
765 3428 845 3488 lilios
861 3443 921 3486 non
939 3421 1118 3484 commissu·
