2574 3954
336 225 562 285 LluElsxllv.
587 225 667 285 culp,
681 235 724 289 ra.
746 235 778 300 [aa
794 233 898 302 ursa]
1043 222 1107 292 235

122 373 278 436 fruniento
299 379 439 450 petentes
459 380 636 437 tutarentur.
662 377 873 440 Cassandreae
887 380 1038 444 deductae
1052 397 1105 444 na-

121 463 183 520 ves
203 459 233 519 ln
257 465 364 534 portua
385 457 530 534 prunum,
556 461 609 535 qui
630 459 687 520 sub
707 460 789 523 Atho
810 470 1013 539 montosam,
1034 464 1106 526 inde

119 539 282 604 Tenedum
304 534 424 618 placido
440 541 599 604 mancum
613 543 818 620 naiedssent,
839 547 955 609 stantes
969 546 999 608 ln
1014 555 1106 625 portu

121 621 264 688 Rhodias
285 631 407 701 apertas
429 636 524 686 naves
544 621 778 704 Eudamumque
797 631 986 705 praelectum
999 643 1105 694 earum

122 709 291 771 inviolatos
322 717 418 784 atque
447 709 536 770 enam
561 709 694 786 benigne
718 714 891 788 appellatos
917 713 1104 777 dimiserunt.

124 791 250 870 coquito
276 791 389 854 deinde
413 791 443 852 in
468 793 563 854 latera
586 793 681 856 altero
705 795 927 872 quinquaginta
946 800 1105 860 onerarias

123 893 251 939 suarum
266 876 416 937 stantibus
437 876 468 936 in
483 877 564 938 ostio
577 884 684 954 portus
698 875 844 940 Eumenis
858 881 1015 956 rostratis,
1037 883 1103 958 qul-

122 961 184 1022 bus
195 951 327 1025 Damius
341 963 490 1035 praeerat,-
505 959 640 1022 inclusaa
652 968 733 1034 osse,
750 961 946 1026 circumvecti
959 975 1103 1042 propere,

123 1057 162 1104 aa
178 1043 340 1106 summania
353 1049 472 1104 talare
485 1042 619 1106 hostium
634 1038 765 1106 navibus
782 1048 939 1109 onerarias
954 1048 1034 1110 dalis
1051 1049 1104 1124 qul

124 1126 388 1204 prosequerentur
402 1127 509 1188 decem
523 1127 631 1189 lembis
645 1129 676 1190 iu
689 1122 901 1193 Macedoniam
914 1131 1043 1208 mittunt,
1063 1133 1104 1192 tta

123 1214 158 1272 ut
178 1211 209 1272 ln
228 1213 324 1272 tutum
344 1212 501 1286 prosecuti
521 1211 656 1274 redirent
674 1213 838 1277 Tenedum.
862 1227 944 1277 nono
967 1222 1038 1291 post
1052 1216 1103 1278 dle

123 1293 165 1356 ad
185 1296 317 1356 classem
337 1293 397 1356 iam
418 1296 457 1356 ad
478 1293 602 1372 Sigeum
623 1301 752 1359 santam
772 1297 935 1359 redierunt.
958 1299 1030 1359 inde
1045 1297 1101 1360 Su-

123 1376 199 1440 bota
211 1398 253 1424 -e
266 1378 368 1440 insula
387 1382 436 1439 est
455 1377 613 1440 interiecta
626 1377 739 1440 Elaeae
758 1385 788 1440 et
802 1379 883 1442 Atlio
897 1411 939 1427 -··
953 1381 1102 1444 uaiciunt.

123 1464 207 1524 torto
216 1469 344 1538 postero
360 1461 410 1523 die
425 1474 516 1538 quam
531 1460 650 1524 Snlnota
664 1462 775 1524 classis·
788 1463 899 1541 tenuit,
922 1463 1059 1542 quinquo
1073 1471 1103 1528 sl

122 1547 245 1623 triginta
255 1555 361 1622 naves,
375 1561 455 1622 quas
465 1545 663 1624 hippagogus
669 1551 788 1621 vadant,
800 1549 839 1610 ab
845 1549 938 1611 Elaea
945 1551 1102 1626 proiectae

123 1646 194 1691 cunr
208 1629 361 1707 equitibus
376 1629 471 1691 dallic
486 1629 639 1708 aquisque
648 1626 769 1692 Phanas
781 1633 1022 1708 promontorium
1033 1632 1102 1694 cnl-

124 1725 211 1776 orum
223 1714 375 1791 petebant,
389 1713 474 1776 unde
483 1714 686 1777 mansnitlere
697 1710 727 1774 ln
737 1713 950 1778 Macedoniam
961 1722 1101 1794 possent.

125 1799 226 1858 Attalo
247 1797 287 1858 ab
299 1797 435 1858 Eumene
450 1797 652 1859 mitterentur.
670 1796 728 1858 llas
742 1808 838 1860 naves
853 1814 910 1876 per
922 1801 1015 1861 altum
1030 1800 1102 1861 terri

124 1897 194 1943 cum
208 1897 247 1942 ex
261 1883 389 1958 specula
404 1882 525 1956 signum
544 1881 648 1944 datum
662 1882 810 1944 Antenori
825 1890 923 1960 esset,
944 1883 1101 1960 proiectus

123 1965 164 2025 ab
185 1963 311 2027 Subods
336 1965 415 2026 inter
434 1956 633 2043 Erythrarum
658 1966 898 2040 promontorium
925 1965 1101 2044 salumque,

125 2059 186 2124 qua
207 2046 391 2110 artissimum
407 2051 516 2110 tretutn
531 2054 592 2121 cst,-
617 2049 654 2109 iis
670 2049 811 2111 occurrit.
832 2049 905 2111 nihil
919 2051 1020 2112 minus
1033 2065 1100 2111 cre-

125 2133 198 2192 dere
213 2133 357 2208 praelecti
371 2131 519 2194 Eumenis
534 2143 626 2208 quam
638 2131 843 2194 Macedonum
857 2134 989 2196 classem
1003 2135 1035 2194 iu
1049 2134 1100 2196 illo

123 2213 228 2291 vagari
241 2215 332 2277 maria
355 2225 436 2276 nune
449 2215 606 2277 Romanos
622 2227 708 2289 esse,
723 2230 805 2278 nune
818 2216 966 2291 Attalum,
988 2224 1040 2277 aut
1053 2232 1100 2275 re·

123 2299 236 2361 missos
258 2297 380 2375 aliquos
401 2299 440 2360 ab
461 2298 563 2368 Attalo
578 2312 619 2359 ex
638 2299 747 2360 castris
760 2299 908 2372 Romanis
921 2299 1100 2375 Pergamum

122 2390 236 2458 petere.
259 2383 316 2443 sed
337 2398 405 2444 cum
420 2382 478 2443 iam
493 2380 804 2461 appropinquantium
819 2384 917 2445 lorma
931 2384 1101 2445 lemborum

121 2465 205 2528 haud
225 2465 318 2529 dubia
338 2473 436 2541 esset,
459 2473 489 2526 ct
508 2467 669 2528 concitatio
690 2481 843 2530 remorum
858 2467 1054 2544 directaeque
1069 2466 1098 2526 in

123 2565 158 2610 sc
172 2559 283 2626 prorae
297 2549 404 2612 hostes
419 2551 670 2627 appropinquare
683 2551 886 2628 aperuissent,
902 2559 974 2613 tunc
989 2551 1100 2612 iniecta

121 2634 285 2708 trepidatio
300 2641 355 2710 est
371 2649 439 2696 eum
452 2634 617 2696 resistendi
627 2648 702 2710 spes
714 2635 796 2696 nulla
807 2641 899 2710 esset,
914 2634 1100 2711 inhabilique

123 2718 247 2776 navium
267 2727 379 2791 genere
400 2724 430 2778 ct
450 2716 544 2779 Gallis
565 2717 617 2778 vix
639 2717 769 2791 quietern
785 2718 951 2780 terentibus
967 2719 997 2778 in
1011 2715 1099 2778 mari.

123 2815 196 2875 pars
212 2815 327 2876 eorum,
343 2801 394 2878 qui
405 2803 569 2878 propiores
582 2801 747 2862 continenti
762 2799 854 2862 littori
869 2805 963 2876 erant,
979 2801 1009 2860 iu
1021 2801 1098 2878 Ery-

121 2883 259 2944 thraeam
270 2891 413 2957 enarunt3
431 2901 504 2961 pars
518 2885 593 2945 velis
605 2885 684 2945 datis
694 2885 734 2945 ad
746 2883 851 2944 chium
863 2897 959 2945 naves
971 2883 1099 2957 eiecere,

121 2965 297 3043 relictisque
313 2968 401 3044 equis
417 2967 517 3030 offusa
531 2968 721 3045 iugaurbem
733 2967 886 3046 petebant.
903 2967 959 3028 sed
971 2965 1099 3044 propius

122 3049 227 3110 urbem
247 3051 338 3112 lembi
361 3067 553 3129 accessuque
568 3051 775 3114 commodiore
796 3066 865 3112 cum
879 3051 1100 3126 exposuissent

124 3139 265 3209 armatos,
281 3136 389 3210 partim
404 3134 435 3196 in
450 3134 501 3196 vla
514 3137 665 3212 rugientes
681 3135 785 3197 Gallos
800 3134 901 3212 adepti
912 3135 1098 3196 Macedones

122 3216 304 3294 ceciderunt,
322 3217 431 3296 partim
445 3226 515 3280 ante
529 3227 649 3295 portam
663 3220 818 3280 exclusos.
835 3220 1008 3280 clauserant
1019 3217 1099 3278 euim

123 3299 186 3361 chii
201 3309 336 3378 portam,
358 3303 455 3378 ignari
477 3301 530 3378 qui
550 3304 689 3379 lugerent
703 3310 755 3364 aut
769 3309 980 3379 sequerentlu.
1003 3301 1097 3361 octin-

122 3383 203 3458 genti
217 3385 313 3446 terme
328 3385 482 3448 Gallorum
495 3385 598 3463 occisi,
615 3385 738 3447 ducenti
749 3385 811 3446 vivi
823 3387 918 3462 capti;
941 3381 1014 3460 equi
1024 3397 1097 3458 pars

123 3465 151 3527 in
167 3467 243 3528 mari
257 3469 361 3530 tractis
376 3469 506 3530 navibus
522 3469 684 3546 absumpti,
706 3469 815 3544 partim
829 3482 942 3529 nervos
958 3463 1097 3527 succide-
