2574 3954
184 181 189 187 ·
298 172 412 234 Llsslllt
426 175 529 236 xL111
553 177 635 236 cap.
651 187 677 238 a
689 187 715 240 s
726 187 752 238 ι
775 187 812 252 [a.
825 185 858 238 e
871 186 932 252 ιιι]
1035 177 1094 245 rat

110 324 305 404 gravissimis
321 323 496 389 criminibus
519 329 655 391 accusati
676 331 766 392 ambo
786 333 998 411 ampliorique:
1027 351 1095 398 eum

110 411 244 471 dioeuda
255 409 294 469 de
310 411 426 486 integro
441 417 536 472 eausa
551 421 649 490 esset,
665 417 805 476 excusati
820 416 920 478 exsilii
935 433 1029 480 eausa
1044 436 1094 481 so-

109 496 175 554 lum
187 492 328 554 vertisse
349 493 457 556 murus
469 495 645 572 Praeneste
657 497 808 563 Matienus
820 500 912 562 Tibur
922 505 1095 570 exsulatum

110 577 261 638 abierunt.
284 577 364 657 lama
377 578 442 639 erat
456 579 611 655 prohiberi
626 582 794 680 apatronis
801 583 926 650 nobiles
938 601 976 646 ae
986 593 1041 662 pot
1041 602 1094 646 en
1103 631 1107 640 .

108 669 157 722 tes
168 663 369 736 compellare
381 659 527 752 auxitque
539 680 606 726 eam
617 681 824 741 suspreronem
832 667 1006 732 Canuleius
1004 686 1094 746 prae-

109 755 175 820 tor,
192 744 277 844 quod
291 745 407 808 omissa
421 762 459 807 aa
472 763 507 808 re
518 747 661 811 dilectum
675 748 790 810 habere
803 750 944 825 insumit,
961 753 1031 818 dein
1046 769 1093 812 re-

108 830 247 908 pentem
264 829 453 904 provinciam
465 830 550 908 abiit,
567 848 606 892 ne
618 834 723 910 plures
734 834 773 895 ab
784 833 932 910 Hispanis
943 845 1093 896 vexoren

108 922 169 974 tur.
192 913 233 974 ita
248 913 419 990 praeteritis
431 912 531 976 silent
509 923 551 977 tro
565 915 651 979 obliti
638 918 760 991 ieratis,
775 917 804 978 in
821 920 955 980 futurum
971 919 1093 981 oonsul-

107 1004 173 1058 tum
193 1005 295 1057 maren
321 997 359 1056 ab
380 1006 489 1059 senatu
511 999 673 1076 Hispanis,
700 1001 785 1077 quod
813 1001 1028 1079 impetrarunt,
1055 1019 1094 1063 ne

109 1075 251 1142 immenti
278 1081 520 1144 aestimationem
547 1085 743 1160 magistratus
769 1085 943 1149 Romanus
957 1086 1099 1163 haberet,

110 1179 192 1224 neve
206 1168 330 1240 cogeret
341 1165 506 1228 vicesimas
517 1168 817 1244 vendereHispanos
833 1172 938 1268 quanti
950 1169 1025 1247 ipse
1030 1173 1093 1230 vel·
1097 1228 1100 1234 .

108 1251 165 1321 let,
187 1255 218 1309 et
232 1261 271 1308 na
287 1247 464 1324 praelecti
455 1265 486 1310 ιιι
503 1253 619 1326 oppida
634 1268 692 1313 sua
712 1250 751 1312 ad
767 1255 915 1364 pecunias
933 1255 1093 1328 cogendas

108 1333 346 1408 imponerentur
551 1359 552 1364 ¹

193 1415 243 1490 ΙΙΙ.
264 1413 302 1477 Ει
312 1417 371 1476 alia
382 1415 454 1478 novi
469 1417 590 1492 generis
603 1417 758 1480 hominurn
771 1435 810 1480 ex
814 1420 970 1496 Hispania
981 1423 1090 1496 legatio

106 1498 200 1560 veuit.
228 1515 267 1560 ex
287 1497 431 1562 militibus
452 1501 598 1562 Romanis
622 1509 653 1562 et
676 1517 715 1562 ex
736 1502 883 1579 Hispanis
903 1504 1080 1566 mulieribus

109 1599 180 1645 cunr
196 1583 307 1658 quibus
330 1585 493 1646 conubium
511 1593 686 1659 amasset,
708 1591 797 1648 natos
819 1603 855 1650 se
876 1597 1088 1663 memorantes,

107 1683 204 1744 supra
219 1675 363 1742 quattuor
381 1669 462 1730 milia
478 1669 635 1730 bominum
652 1670 794 1745 orabant,
811 1679 844 1732 ut
858 1671 917 1732 sibi
933 1671 1088 1748 oppidum,

106 1753 138 1811 in
154 1766 216 1827 quo
231 1751 416 1826 babitarent,
432 1754 564 1814 daretur.
591 1762 718 1815 senatus
734 1755 884 1830 decrevit,
905 1755 947 1816 uti
968 1754 1094 1818 nomina

107 1851 166 1896 sua
180 1835 264 1910 apud
277 1835 311 1896 L.
330 1835 507 1898 Canuleium
528 1836 758 1912 profiterentur,
783 1853 952 1913 eorumque
967 1837 996 1899 si
1011 1855 1090 1915 quos

106 1918 349 1994 manumisisset,
371 1935 426 1982 eos
442 1921 590 1982 Carteiam
605 1920 645 1982 ad
660 1920 815 1983 Oceanum
831 1921 943 1982 deduci
957 1923 1090 1998 plaeere.

109 2003 162 2080 qui
178 2003 396 2064 Carteiensium
417 2003 500 2066 dorni
519 2019 643 2065 manere
662 2006 789 2080 vellent,
812 2009 995 2082 potestatem
1013 2007 1089 2079 lore,

106 2084 152 2148 uti
172 2101 298 2148 numero
315 2089 495 2150 colonorum
512 2095 632 2160 essent,
652 2104 728 2164 agro
750 2090 921 2164 adsignato.
953 2088 1091 2152 Latinam

103 2187 176 2232 eam
191 2171 344 2232 coloniam
359 2186 446 2248 esse,
461 2171 732 2247 libertinorumque
747 2172 905 2249 appellari.
998 2187 999 2194 ¹

191 2255 309 2316 Eodem
323 2263 463 2332 tempore
478 2271 516 2316 ex
528 2255 634 2316 Airioa
648 2261 678 2316 et
692 2256 825 2317 Gulussa
838 2257 980 2332 regulus,
997 2255 1090 2315 Masi-

106 2339 211 2400 nissae
225 2340 321 2413 filius,
336 2339 456 2416 legatus
470 2338 582 2416 patris,
604 2347 635 2400 et
649 2337 915 2416 Carthaginienses
930 2347 1090 2402 venerunt

107 2423 241 2485 Gulussa
255 2423 340 2500 prior
349 2424 380 2484 in
392 2429 532 2484 senatum
543 2425 749 2499 introductus,
765 2432 796 2485 et
807 2438 887 2500 quae
897 2423 993 2484 missa
1004 2429 1090 2488 erant

106 2506 147 2567 ad
161 2507 275 2569 bellum
288 2503 555 2570 Macedonicuma
572 2515 659 2584 patre
678 2524 736 2570 suo
757 2507 917 2583 exposuit,
940 2514 972 2568 et
986 2506 1013 2567 si
1029 2523 1091 2584 qua

105 2585 266 2668 praeterea
285 2592 399 2652 vellent
416 2591 582 2668 imperare,
608 2597 833 2668 praestaturum
854 2586 962 2652 merito
984 2592 1090 2667 popul-i

88 2747 91 2751 ¹
105 2673 234 2736 Romani
250 2681 299 2736 est
311 2672 481 2751 pollicitus,
498 2683 530 2738 et
542 2675 659 2737 monuit
673 2683 777 2751 patres
793 2674 1006 2751 oonseriptos,
1020 2683 1055 2736 ut
1071 2691 1091 2734 a

105 2759 215 2819 bande
226 2756 681 2834 canbaglnlenstuneaverent
703 2758 813 2823 elassis
825 2773 881 2821 eos
892 2773 1022 2833 magnae
1035 2774 1089 2832 pa-

105 2841 223 2903 rendae
231 2839 400 2920 ,eonsilium
414 2842 552 2920 cepisse,
575 2840 682 2920 speeie
701 2858 759 2919 pro
774 2841 920 2904 Romanis
936 2847 968 2902 et
980 2840 1088 2901 adver-

105 2941 161 2986 sus
181 2925 388 2987 Macedonasa
409 2926 462 2988 ubi
477 2941 515 2987 aa
528 2933 636 3003 parata
656 2922 867 3002 instructaque
881 2931 981 3000 esset,
1002 2923 1086 3001 ipso-

104 3006 173 3071 rur'n
198 3010 264 3070 lore
289 3008 451 3086 potestatis
478 3025 569 3086 quam
592 3010 714 3072 hostem
734 3017 788 3073 aut
806 3009 925 3072 socium
946 3007 1087 3070 habeant.

104 3091 186 3154 bano
200 3093 279 3154 iniee

105 3261 158 3320 lv.
180 3261 219 3322 tls
234 3267 337 3324 ιιιιιιιι
352 3226 468 3325 exstitit
484 3277 582 3338 pavor
596 3260 654 3299 **'
646 3261 779 3338 ingressi
793 3267 909 3336 eastra,
932 3245 1087 3327 ostentam

105 3351 155 3406 tes
169 3339 281 3433 eapite,
296 3347 443 3422 leserunt,
457 3352 493 3407 ut
506 3347 532 3407 si
548 3346 690 3409 admotus
705 3348 861 3425 externplo
874 3344 1028 3407 exereitus
1042 3345 1088 3404 lo-

107 3436 168 3504 ret,
190 3424 272 3506 oapi
276 3437 379 3492 eastra
392 3431 554 3507 potuerint.
576 3439 638 3492 tum
655 3447 781 3508 quoque
795 3431 868 3506 iuga
883 3429 992 3504 ingens
1008 3427 1089 3489 laete
