2574 3954
303 211 926 289 umanmrv.cnr.mu.n.c.1m
1032 215 1098 282 aar
1134 163 1139 170 ’

116 368 180 431 hoc
200 374 327 443 propter
346 365 564 442 ignobilitatem
579 373 737 442 paternam
750 367 850 428 minus
871 374 1017 445 suspecto
1031 369 1101 432 Pla-

116 461 218 514 torem
233 449 346 511 occidil
360 456 391 510 et
405 450 484 510 duos
500 449 615 510 amicos
631 447 708 525 eius,
722 449 861 511 Ettritum
876 459 906 512 et
919 451 1098 528 Epicadum,

117 535 267 612 impigros
287 531 388 608 viros,
414 549 476 609 quo
500 531 595 594 tulius
614 541 767 608 regnaret
799 535 881 595 lama
901 535 957 596 luit
975 536 1101 600 Hnnuui

116 619 331 682 Dardanorum
352 616 500 694 principis
523 615 615 676 filiam
629 617 748 678 Etutam
764 626 855 694 pacto
871 619 954 680 fratri
969 634 1039 680 eum
1053 618 1099 681 in-

116 703 246 777 vidisse,
260 709 416 777 tamquam
430 699 479 761 his
494 697 609 775 nuptiis
624 698 801 777 adiungenti
816 701 874 762 sibi
888 703 1101 767 Dardanorum

117 793 254 863 gentem=
277 792 306 846 et
321 783 503 846 simillimum
520 784 552 843 id
564 799 638 845 vero
650 784 722 845 lacit
732 785 824 846 ducta
834 801 871 846 aa
881 786 968 861 virgo
979 785 1101 848 Platore

117 871 290 931 interiecto.
312 866 556 944 menedemus,
579 868 703 945 dempto
719 867 819 929 fratris
835 874 925 944 melu,
940 869 1098 945 populari-

116 955 177 1015 bus
198 969 272 1014 esse
294 949 411 1028 coepil3
434 957 464 1012 el
483 951 657 1013 violentiam
671 950 793 1013 insitam
813 953 935 1028 ingenio
950 951 1097 1031 intempe-

116 1038 216 1098 rantia
230 1036 293 1096 vini
307 1035 504 1097 accendebat
527 1043 670 1110 ceterum,
686 1036 766 1096 sicut
779 1045 850 1097 ante
861 1037 1042 1112 dictumest,
1057 1037 1098 1098 ad

115 1123 289 1184 Romanum
313 1120 456 1180 incitatus
483 1118 597 1180 ballum
616 1119 739 1180 Lissum
764 1135 871 1181 omnes
898 1121 1004 1196 copias
1026 1137 1096 1182 con-

116 1205 218 1266 traxit.
241 1202 415 1280 quindecim
430 1201 520 1264 milia
526 1209 710 1264 armatorum
725 1203 855 1265 luerunt.
875 1203 946 1264 inda
961 1205 1053 1266 lralre
1067 1204 1100 1266 in

118 1289 280 1350 Caviorum
301 1293 422 1364 gentem
441 1287 473 1347 vi
495 1293 548 1347 aut
567 1293 683 1347 terrore
704 1286 906 1364 subigendam
927 1304 997 1349 curn
1017 1288 1101 1348 mille

116 1372 273 1449 peditibus
294 1379 325 1433 et
345 1369 566 1447 quinquaginta
586 1371 739 1446 equitibus
754 1369 861 1443 misso,
882 1369 952 1445 ipse
967 1371 1006 1431 ad
1020 1370 1096 1432 Bas-

117 1457 238 1518 saniam
257 1455 364 1516 urbem
385 1454 522 1530 quinque
541 1452 624 1514 milia
637 1454 676 1515 ab
690 1453 781 1515 Lisso
797 1455 888 1516 ducit.
918 1454 996 1515 socii
1011 1461 1097 1517 erant

115 1542 340 1602 Romanorum:
362 1539 466 1614 itaque
486 1552 542 1614 per
561 1537 752 1613 praemissos
771 1538 894 1599 nuntios
915 1535 1001 1614 prius
1022 1547 1096 1599 tem-

117 1626 193 1702 ptati
208 1623 399 1686 obsidionem
414 1622 476 1698 pati
492 1637 584 1698 quam
599 1621 713 1682 dedere
727 1637 799 1682 sese
810 1623 990 1684 maluerunt.
1007 1621 1098 1682 Cara-

115 1708 262 1769 vandium
272 1705 412 1768 incaviis
422 1705 569 1767 Durnium
581 1705 728 1781 oppidum
742 1705 954 1767 advenientem
964 1705 1100 1780 benigue

117 1788 464 1866 accepit,kcaravandis
485 1791 580 1851 altera
600 1790 675 1849 urbs
695 1789 834 1850 exclusit.
863 1797 893 1849 el
914 1805 981 1849 cum
1003 1804 1096 1864 agros
1182 1861 1185 1864 .

117 1891 226 1936 eorum
254 1873 352 1934 effuse
374 1879 524 1948 vastaret,
551 1873 669 1948 aliquot
687 1873 781 1949 palati
801 1869 912 1933 milites
933 1872 1099 1947 agrestium

117 1973 272 2019 concursu
292 1957 445 2018 interlecti·
461 1964 541 2018 sunt.
570 1954 631 2016 iam
645 1964 676 2017 el
688 1957 749 2032 Ap.
765 1956 910 2018 Claudius
924 1955 1097 2031 adsumptis

116 2043 158 2102 a'd
174 2057 243 2102 eum
257 2039 432 2115 exercilum,
455 2056 547 2118 quem
560 2039 701 2113 habebat,
717 2040 908 2102 Bullinorum
923 2044 953 2100 el
966 2039 1095 2116 Apollo-

116 2124 242 2186 niatium
257 2132 287 2185 et
299 2123 581 2202 Dyrrhachinorum
596 2123 718 2184 auxiliis
732 2125 888 2199 proiectus
905 2139 944 2183 ex
957 2121 1095 2183 hibernis

117 2209 200 2284 circa
215 2209 371 2270 Genusum
385 2223 505 2267 amnem
520 2213 622 2268 castra
635 2205 775 2282 habebat,
791 2206 894 2267 audito
910 2205 1037 2266 loedere
1048 2205 1094 2266 in-

116 2299 163 2354 ter
182 2293 295 2354 Persea
316 2297 347 2352 et
368 2291 523 2362 Gentium,
549 2296 579 2350 et
598 2287 766 2366 legatorum
784 2289 965 2351 violatorum
987 2289 1096 2350 iniuria

116 2393 285 2450 aecensus,
310 2376 423 2436 bellum
447 2373 531 2434 haud
555 2372 647 2434 dubie
673 2373 823 2435 adversus
849 2370 917 2434 eum
939 2377 1094 2447 gesturus.

115 2461 244 2522 Anicius
266 2465 390 2534 praetor
411 2474 449 2519 eo
471 2464 610 2532 lampone
630 2457 813 2533 Apolloniae
834 2455 946 2519 auditis
970 2472 1051 2532 quae
1064 2455 1097 2516 in

114 2545 238 2622 Illyrico
253 2549 445 2619 gererentur,
466 2538 708 2618 praemissisque
723 2541 763 2602 ad
777 2541 912 2619 Appium
927 2539 1048 2616 littaris,
1062 2548 1097 2601 ut

116 2644 152 2689 se
166 2629 206 2688 ad
222 2627 378 2688 Genusum
390 2625 592 2703 opperiretur,
606 2623 707 2686 triduo
718 2632 748 2686 et
759 2625 827 2701 ipse
838 2625 868 2685 in
882 2629 983 2686 castra
994 2621 1095 2694 venit;

115 2718 147 2771 el
161 2710 201 2771 ad
214 2725 252 2770 aa
267 2723 346 2786 quae
360 2709 494 2771 habebat
504 2706 618 2770 auxilia
626 2707 838 2770 Parthinorum
850 2707 960 2769 iunctis
973 2706 1098 2768 duobus-

114 2791 238 2855 milibus
258 2792 394 2870 peditum
415 2801 445 2855 et
464 2791 618 2870 equitibus
639 2791 835 2854 ducentis-
854 2789 1008 2866 peditibus
1022 2789 1094 2865 Epi-

116 2879 229 2952 cadus,
252 2877 406 2953 equitibus
420 2878 567 2953 Algalsus
582 2882 780 2952 praeerat-
794 2874 923 2951 parabat
936 2874 1050 2934 ducere
1064 2871 1095 2933 in

113 2962 279 3038 illyricum,
294 2960 425 3022 maxime
435 2968 469 3022 ut
478 2959 656 3024 Bassanitas
669 2960 804 3020 solveret
815 2957 986 3020 obsidione.
998 2955 1095 3018 tenuit

114 3045 260 3120 impetum
272 3045 338 3106 eius
351 3045 431 3106 lama
440 3044 609 3106 lemborum
617 3044 798 3106 vastantium
809 3040 989 3103 maritimam
1000 3057 1095 3103 oram.

116 3130 271 3206 octoginta
285 3135 372 3190 erant
387 3129 492 3203 lembi,
515 3135 640 3190 auctore
653 3126 828 3192 Pantaucho
850 3125 936 3186 missi
953 3142 971 3186 a
986 3123 1099 3187 Gentio·

114 3213 156 3273 ad
176 3212 457 3290 Dyrrhachinorum
476 3217 506 3272 el
526 3209 765 3288 Apolloniatium
781 3227 872 3286 agros
887 3209 1097 3286 populandos.

112 3303 177 3358 lum
193 3294 303 3358 classis
319 3294 358 3358 ad

114 3469 146 3527 to
165 3479 203 3525 eo
224 3462 415 3526 tradiderunt
436 3479 479 3524 se.
507 3463 611 3524 XXXI.
634 3462 782 3538 deinceps
804 3469 833 3523 et
852 3460 944 3521 urbes
959 3455 1097 3532 regionis
