2598 3956
186 240 227 304 86
372 238 487 299 LIBER
497 238 557 298 XL.
581 237 664 297 CAP.
675 245 720 302 al.
732 245 777 300 38.
790 238 826 314 [a.
838 243 873 295 U.
884 259 908 296 c.
921 242 983 310 572]

188 392 369 468 priusquam
393 388 425 449 in
449 387 619 450 Sardiniam
642 387 834 464 provinciam
855 389 1010 463 traiceret,
1036 390 1169 451 decreta.

189 480 336 551 suspecta
356 473 491 535 consulis
514 480 578 533 aral
597 470 679 534 mors'
700 472 842 534 maxime.
873 480 1000 533 necatus
1021 473 1171 548 aQuarta

187 558 318 622 Hostilia
331 573 430 620 uxore
444 557 609 617 dicebatur.
631 563 665 618 ut
678 555 802 632 quidem
816 557 897 618 lilius
913 558 979 618 eius
994 556 1029 631 Q.
1043 555 1169 621 Fulvius

186 643 317 706 Flaccus
338 639 484 703 inlocum
504 639 603 702 vitrici
618 642 727 702 consul
741 648 790 702 cst
803 641 992 714 declaratus,
1013 643 1169 716 aliquanto

188 725 286 802 magis
297 725 419 786 infamis
434 740 517 788 mors
528 723 649 786 Pisonis
662 722 764 800 coepit
777 739 865 794 essm
888 733 919 786 at
931 731 1027 786 testes
1040 727 1168 788 exsiste-

187 811 276 886 bant,
301 809 354 886 qui
373 816 447 886 post
466 808 639 872 declaratos
656 808 801 870 consules
815 809 960 869 Albinum
971 817 1004 870 et
1015 809 1169 886 Pisonem,

189 895 301 972 quibus
317 893 446 956 comitiis
460 891 590 954 Flaccus
605 894 716 954 tulerat
728 893 894 968 repulsam,
904 899 939 954 et
952 895 1169 969 exprobratum

187 980 216 1040 ai
232 985 360 1040 amatre
381 978 517 1039 dicerent
534 977 692 1052 quodiam
706 976 735 1036 oi
749 977 869 1038 tertium
884 984 1012 1052 negatus
1027 979 1168 1040 cousula-

187 1071 237 1124 tus
252 1062 367 1138 petenti
386 1066 485 1134 essct,
511 1068 541 1121 el
560 1060 727 1135 adiecisse,
748 1067 920 1135 paranetas
934 1062 974 1121 ad
988 1063 1169 1136 petendum:
1281 1107 1282 1110 ,

187 1147 268 1208 intra
280 1147 360 1208 duos
372 1159 495 1206 menses
507 1143 692 1220 effecturam,
707 1144 967 1206 utcousullicrct.
989 1144 1068 1206 inter
1078 1146 1172 1207 multa

191 1231 251 1292 alia
272 1228 445 1291 testimonia
465 1228 506 1289 ad
527 1243 652 1288 oausam
672 1228 853 1304 pertinentia
866 1227 944 1288 haec
959 1245 1084 1305 quoque
1097 1247 1170 1304 vox,

188 1314 278 1376 nimis
294 1329 370 1378 vero
386 1319 498 1374 eventu
516 1311 730 1388 comprobata,
750 1311 853 1386 valuit,
871 1327 926 1372 cur
940 1311 1071 1374 Hostilia
1085 1314 1169 1373 dam-

188 1405 321 1462 uarelur.

272 1480 365 1542 Veris
380 1479 532 1556 principio
548 1479 653 1555 huius,
676 1480 748 1541 dum
764 1482 910 1542 consules
925 1495 1025 1542 novos
1041 1479 1170 1543 dilectus

191 1568 305 1628 Romae
319 1572 410 1638 tenet,
425 1580 509 1626 mors
522 1564 634 1624 deinde
648 1562 772 1623 alterius
787 1571 817 1624 et
828 1564 952 1624 creandi
964 1562 1086 1626 comitia
1095 1580 1170 1624 con-

189 1651 264 1712 sulis
288 1647 318 1708 in
338 1649 442 1708 locum
462 1647 528 1708 eius
550 1648 651 1707 omnia
671 1647 806 1708 tardiora
825 1649 970 1709 lecerunt.
1006 1647 1122 1708 interim
1138 1647 1170 1706 P.

191 1730 349 1796 Cornelius
371 1738 402 1792 et
415 1730 455 1791 Μ.
470 1729 619 1805 Baebius,
641 1729 694 1807 qui
714 1731 746 1792 in
761 1733 922 1794 consulatu
935 1731 1008 1792 nihil
1022 1747 1169 1792 memora·

130 1879 132 1882 a
187 1817 250 1878 bile
263 1823 435 1892 gesserant,
447 1815 478 1875 in
487 1816 638 1892 Apuanos
649 1814 777 1891 Ligures
793 1816 959 1878 exercitum
974 1815 1169 1877 induxerunt.

86 1935 102 1954 1
187 1901 348 1964 XXXVIII.
370 1899 508 1975 Ligures,
525 1897 577 1974 qui
591 1905 662 1958 ante
676 1899 840 1960 adventum
852 1897 882 1960 in
896 1900 1085 1976 provinciam
1098 1915 1170 1961 con-

189 1983 289 2046 sulum
312 1999 373 2044 non
390 1987 626 2060 exspectassent
639 1983 767 2057 bellum,
788 1981 957 2058 improviso
972 1983 1116 2059 oppressi
1131 1983 1171 2043 ad

190 2065 352 2130 duodecim
367 2069 448 2129 milia
461 2067 618 2129 hominum
630 2066 813 2127 dediderunt
823 2083 868 2127 se.
890 2083 946 2128 eos
962 2067 1102 2128 consulto
1115 2082 1171 2142 par

187 2153 304 2212 litteras
319 2153 405 2228 prius
420 2158 530 2213 senatu
545 2152 698 2212 deducere
713 2167 751 2210 cx
766 2149 921 2212 montibus
935 2150 968 2212 in
982 2166 1075 2226 agros
1090 2166 1170 2210 cam·

187 2243 309 2312 pestres
324 2239 432 2312 procul
447 2237 485 2296 ab
500 2236 602 2309 domo,
621 2252 660 2297 na
673 2234 791 2296 reditus
807 2249 880 2310 spes
896 2243 994 2310 esset,
1011 2233 1169 2296 Cornelius

189 2326 220 2380 et
233 2319 366 2380 Baebius
386 2328 573 2393 statuerunt,
594 2320 708 2379 nullum
728 2317 821 2380 alium
841 2326 911 2380 ante
926 2319 1017 2380 linem
1032 2321 1089 2379 rati
1104 2319 1171 2379 lore

187 2401 336 2478 Ligustini
350 2403 430 2463 belli.
452 2419 527 2480 ager
540 2402 682 2478 publicus
697 2403 803 2478 populi
816 2401 944 2464 Romani
958 2410 1023 2463 arat
1037 2400 1068 2461 in
1084 2401 1170 2462 Sam-

188 2485 315 2559 nilibus,
336 2487 571 2548 Taurasinorum
588 2486 704 2560 fuerat.
729 2503 763 2547 co
779 2503 846 2548 cum
867 2485 1027 2548 traducere
1040 2483 1170 2560 Ligures

69 2632 74 2640 ,
187 2571 337 2645 Apuanos
352 2571 473 2644 vellant,
489 2569 666 2644 edixerunt,
681 2569 809 2645 Ligures
824 2568 948 2646 Apuani
962 2569 1002 2630 de
1017 2568 1171 2630 monlibus
1285 2617 1286 2636 i

189 2653 413 2714 descenderant
433 2670 500 2714 cum
522 2653 627 2714 liberis
649 2653 909 2730 coniugibusque,
931 2669 988 2715 sua
1002 2651 1105 2715 omnia
1120 2668 1170 2712 se·
1285 2667 1286 2670 ¹

189 2751 257 2799 cum
277 2744 441 2813 portarent.
470 2738 597 2813 Ligures
618 2753 714 2813 saepe
733 2753 790 2814 per
804 2740 922 2814 legatos
937 2735 1109 2812 deprecati,
1131 2752 1170 2796 ne

189 2828 329 2896 penales,
351 2822 457 2883 sedem
477 2823 508 2882 in
530 2838 591 2898 qua
610 2821 703 2898 genili
723 2830 843 2895 essent,
864 2823 1008 2898 scpulcra
1021 2821 1170 2882 maiorum

189 2913 371 2980 cogeremur
384 2906 565 2982 relinquere,
582 2922 666 2966 arma
681 2905 807 2968 obsides
822 2905 1054 2981 pollicebantur.
1084 2913 1169 2979 post·

190 3004 282 3062 quam
295 2988 368 3049 1111111
383 2989 599 3064 impetrabant,
617 3005 719 3063 neque
733 2988 814 3051 vires
830 2990 869 3050 ad
884 2989 1059 3050 bellandum
1074 2996 1169 3062 erant,
1285 3053 1286 3064 χ

188 3069 288 3130 edicio
311 3081 483 3146 paruerunt.
511 3071 641 3133 traducti
661 3082 732 3134 sunt
752 3073 874 3148 publico
896 3079 1022 3150 sumptu
1039 3073 1079 3134 ad
1095 3089 1169 3147 qua-

189 3151 329 3228 draginta
343 3153 425 3214 milia
442 3156 605 3216 liberorum
621 3156 756 3232 capilum
770 3172 839 3218 cum
854 3155 974 3218 leminis
989 3156 1168 3232 puerisque.

188 3237 305 3312 argenti
322 3237 393 3298 data
406 3247 527 3302 centum
541 3247 571 3302 et
586 3239 805 3317 quinquaginta
818 3241 914 3315 milia,
929 3242 1011 3302 undo
1025 3241 1055 3300 in
1070 3256 1169 3301 novas

188 3321 283 3382 sedes
296 3332 597 3399 compararentquae
608 3340 688 3399 opus
700 3331 814 3385 assent.
830 3341 905 3400 agro
917 3323 1085 3386 dividendo
1095 3325 1170 3383 dan-

188 3403 294 3480 doque
307 3407 398 3468 iidem
413 3407 465 3482 qui
480 3409 692 3484 traduxerant,
714 3408 872 3470 Cornelius
888 3417 918 3470 el
930 3407 1064 3471 Baebius
1082 3422 1169 3482 prae·

188 3487 289 3562 positi.
325 3490 550 3567 poslulantibus
570 3500 670 3554 tamen
692 3491 770 3568 ipsis
792 3490 988 3569 quinqueviri
1007 3492 1045 3551 ab
1061 3497 1170 3551 senatu
