2574 3954
306 223 422 294 LIBER
435 221 523 282 XLII.
546 221 629 283 chl.
640 229 685 284 tl.
697 228 741 284 ab.
756 227 794 296 [ι.
806 225 838 278 C.
851 227 914 294 171]
1054 219 1115 284 165

140 387 192 434 res
207 387 269 432 non
288 376 350 430 tam
370 385 487 445 aequos
505 385 597 444 quam
615 377 659 443 te,
683 370 717 446 Q.
731 369 843 444 Marci,
865 377 1023 448 paternum
1043 373 1118 433 ami*-

141 471 211 518 cum
225 454 437 530 ethospitem,
457 452 617 513 habebam.
647 453 705 514 sed
728 454 865 518 nondum
884 455 1013 516 Romam
1027 471 1117 516 accu-

140 525 227 600 dator
242 537 396 599 Eumenes
419 543 559 611 venerat,
583 536 637 611 qui
657 538 870 599 calumniando
891 539 994 600 omnia
1014 538 1117 601 detor·

140 621 327 698 quandoque
341 626 486 696 suspecta
499 627 529 681 et
542 621 641 680 invisa
655 621 806 696 alliceret,
820 628 851 682 et
863 622 1053 696 persuadere
1063 639 1117 684 vo·

138 705 188 766 bis
203 710 365 766 conaretur
378 719 439 764 non
454 718 550 781 posse
565 703 722 764 Graeciam
736 706 768 765 in
782 702 919 765 libertate
934 721 1005 766 esse
1020 708 1051 766 et
1064 722 1117 766 ve-

139 796 205 851 stro
224 802 351 858 munere
371 787 445 861 lrui,
468 787 572 862 quoad
594 803 722 862 regnum
741 787 944 850 Macedoniae
963 789 1117 850 incolume

139 878 233 935 esset.
258 872 480 946 circumagetur
490 871 541 931 hic
559 870 659 932 orbis=
674 871 731 932 erit
740 887 813 932 mox
828 872 879 947 qni
893 879 1000 947 arguat
1010 875 1117 948 nequi·

139 969 232 1033 quam
251 954 435 1018 Antiochum
460 955 540 1016 ultra
565 954 637 1029 iuga
656 955 746 1014 Tauri
771 961 919 1029 emotum,
941 956 1117 1030 graviorem

137 1040 233 1100 multo
247 1039 344 1100 Asiae
366 1054 459 1113 quam
477 1037 649 1098 Antiochus
669 1038 760 1098 luerit
778 1038 934 1098 Eumenen
952 1054 1038 1114 esse,
1059 1053 1117 1100 nec

139 1123 360 1198 conquiescere
376 1121 481 1182 socios
494 1129 616 1182 vestros
635 1133 746 1196 posse,
762 1122 866 1197 quoad
880 1122 964 1198 regia
977 1121 1114 1198 Pergami

138 1207 192 1267 sita
208 1221 275 1266 cam
289 1221 501 1280 arcemsupra
514 1205 616 1280 capita
630 1204 822 1266 finitimarum
838 1205 1002 1266 civitatium
1016 1207 1114 1282 impo·
1180 1275 1184 1284 ¹

138 1289 237 1351 sitam.
266 1304 325 1364 ego
339 1288 432 1363 haec,
448 1287 482 1361 Q.
497 1287 592 1348 ltlarci
607 1295 637 1347 et
650 1289 687 1346 A.
703 1288 791 1361 Atili,
813 1304 893 1364 quac
912 1294 965 1349 aut
984 1305 1004 1348 a
1024 1289 1113 1350 vobis

138 1373 260 1434 obiecta
273 1378 327 1433 ant
342 1379 473 1447 purgata
487 1387 505 1430 a
519 1386 568 1430 me
583 1377 667 1443 sunt,
687 1371 760 1430 talia
781 1379 853 1432 esse
867 1371 949 1444 scio,
965 1379 999 1432 ut
1013 1387 1113 1447 aures,

138 1462 173 1517 ut
187 1455 278 1517 animi
294 1455 482 1517 audientium
497 1456 571 1528 sint,
594 1468 651 1514 nec
667 1461 729 1514 tam
752 1457 881 1530 reterre,
902 1454 976 1531 quid
990 1471 1047 1530 ogo
1063 1464 1114 1519 aut

140 1555 203 1614 qua
219 1546 320 1600 mente
334 1538 473 1612 fecerim,
491 1553 582 1614 quam
598 1537 755 1614 quomodo
774 1538 807 1598 id
827 1553 885 1598 vos
907 1540 1020 1612 iactum
1034 1539 1114 1600 acci·

138 1622 242 1700 piatis.
271 1622 415 1683 conscius
429 1621 502 1682 mihi
516 1637 585 1683 sum
599 1621 673 1682 nihil
696 1637 745 1680 mc
766 1621 913 1682 scientem
934 1621 1114 1708 deliquisse,

137 1713 168 1768 et
181 1705 210 1766 si
225 1705 297 1782 quid
311 1705 433 1767 lecerim
443 1705 645 1782 imprudentia
655 1705 773 1781 lapsus,
784 1705 894 1781 corrigi
907 1721 956 1766 me
967 1713 998 1766 et
1012 1722 1112 1767 emen-

85 1859 88 1866 ·
136 1789 204 1852 dari
220 1789 419 1864 castigatione
438 1789 496 1848 hac
517 1803 622 1864 posse.
658 1787 732 1847 nihil
749 1794 832 1848 certe
850 1787 1035 1864 insanabile,
1055 1805 1114 1850 nec

89 1913 91 1916 -
138 1873 224 1948 quod
236 1872 318 1934 bello
332 1879 362 1932 et
377 1872 468 1932 armis
484 1871 731 1947 persequendum
752 1886 826 1932 esse
847 1872 1015 1947 censeatis,
1031 1886 1113 1933 com·

135 1955 222 2019 misia
243 1963 296 2017 aut
313 1957 427 2016 haustra
448 1955 626 2016 clementiae
650 1954 869 2029 gravitatisque
890 1961 1012 2015 vestrae
1033 1957 1114 2016 lama

134 2039 259 2114 vulgata
272 2054 328 2114 per
341 2045 448 2114 gentes
465 2045 521 2112 est,
537 2038 565 2098 si
577 2037 689 2099 talibus
704 2039 868 2113 decausis,
884 2053 963 2113 quae
974 2038 1027 2099 vix
1039 2055 1113 2114 que·

134 2123 200 2183 reia
214 2128 245 2183 et
258 2121 505 2199 expostulatione
519 2121 630 2196 dignae
647 2127 732 2192 sunt,
758 2136 842 2182 amm
863 2121 972 2196 capitis
988 2129 1018 2182 et
1031 2123 1113 2198 regi·

137 2206 197 2266 bus
213 2205 308 2266 sociis
323 2205 405 2266 bella
416 2204 566 2264 intertis.“

220 2289 323 2348 XLlll.
348 2289 434 2348 llaec
454 2287 605 2348 dicentem
626 2293 747 2351 etcum
768 2288 906 2354 adsensu
924 2286 1057 2348 Marcius
1078 2287 1112 2326 **

135 2377 242 2433 auctor
258 2372 313 2433 irrit
326 2370 462 2432 mittendi
476 2372 605 2446 Romam
619 2372 754 2446 legatos,
769 2386 839 2431 cum
851 2370 1038 2445 experienda
1049 2387 1112 2432 orn·

118 2455 241 2516 -niaad
256 2455 393 2516 nlhmum
407 2470 465 2514 nec
487 2455 784 2532 praetermittendam
811 2469 899 2530 spem
923 2455 1016 2514 ullam
1042 2470 1111 2514 cen-

133 2539 257 2600 suisset.
285 2539 404 2614 reliqua
415 2538 596 2600 consultatio
610 2545 687 2613 erat,
703 2554 836 2614 quonam
846 2538 938 2599 modo
949 2539 1043 2598 tatum
1055 2539 1112 2598 iter

132 2623 243 2698 legatis
257 2629 349 2682 esset.
379 2622 419 2681 ad
434 2622 466 2682 id
482 2637 552 2682 cnm
565 2623 742 2684 necessaria
755 2621 860 2697 petitio
872 2621 1054 2682 indutiarum
1068 2623 1111 2680 vi-

133 2706 272 2780 deretur,
287 2711 475 2781 cuperetque
487 2705 619 2766 Marcius
634 2721 735 2780 neque
750 2705 834 2764 aliud
849 2704 1002 2782 colloquio
1019 2706 1110 2780 petis·

133 2795 196 2864 set,
211 2795 336 2864 gravate
352 2795 383 2850 et
396 2788 427 2849 in
445 2804 587 2862 magnam
599 2787 726 2864 gratiam
741 2788 872 2863 petentis
889 2789 1051 2847 concessit.
1066 2789 1111 2848 ui

133 2871 177 2932 hil
193 2872 273 2933 enim
288 2872 365 2934 satis
378 2877 518 2950 paratum
532 2874 572 2932 ad
588 2871 700 2932 bellum
714 2870 744 2930 in
765 2870 940 2946 praeseutia
958 2869 1112 2930 habehant

132 2955 280 3031 Romani,
302 2973 365 3018 non
385 2957 567 3030 exercitum,
588 2971 650 3016 non
672 2955 796 3028 ducem,
819 2969 887 3014 cum
900 2952 1054 3026 Perseus,
1079 2955 1110 3014 ni

134 3054 209 3115 spes
224 3055 305 3100 vana
318 3040 406 3116 pacis
421 3047 621 3101 occaecasset
641 3037 784 3113 consilia,
807 3037 909 3097 omnia
928 3043 1110 3114 praeparata

135 3129 227 3198 atque
240 3124 390 3185 instructa
403 3121 546 3197 haberet,
572 3128 603 3182 et
627 3115 688 3183 sno'
708 3121 840 3184 maxime
858 3128 996 3197 tempore
1017 3127 1110 3197 atque

134 3205 235 3268 alieno
251 3206 394 3279 hostibus
408 3206 543 3284 incipere
554 3206 668 3267 bellum
682 3213 799 3282 posset.

217 3289 266 3370 Ab
281 3290 342 3350 hoc
356 3284 511 3364 colloquio
532 3289 595 3350 lide
614 3289 796 3351 indutiarum
816 3289 996 3365 interposita
1018 3285 1108 3360 legati

133 3369 264 3434 Romani
279 3374 310 3433 in
323 3373 482 3434 Boeotiam
498 3373 665 3451 comparati
680 3381 760 3434 sunt.
789 3373 831 3432 ihi
845 3374 906 3433 iam
920 3376 1022 3432 motus
1038 3383 1109 3427 coe·

135 3463 224 3532 perat
243 3471 315 3518 esse
335 3456 565 3540 discedentibus
591 3457 777 3517 asoeietate
801 3453 969 3519 communis
990 3449 1111 3512 concilii
