2598 3956
306 210 421 272 LIBER
436 210 524 270 XLll.
548 209 630 270 cAP.
645 220 688 276 22·
699 221 742 276 23.
766 217 802 286 is.
816 219 848 270 c.
861 217 930 286 iiij.
1046 211 1105 278 147

129 362 307 426 anetaritste
325 362 427 434 fieret,
451 361 653 437 triumphavit
686 362 1042 438 rossemannum
1069 365 1108 426 de

128 446 290 524 Liguribus
301 461 415 522 magna
431 461 586 508 consensu
600 445 707 520 pletas
722 444 812 508 seivit
826 447 987 524 iussitque.
1009 461 1054 510 ex
1069 465 1106 511 eo

128 531 291 609 prensatur
313 530 347 594 G.
365 527 504 592 Licinius
520 537 646 605 praeter
665 531 819 594 consuuit
838 539 993 606 senatun,
1016 549 1108 608 quem

129 630 283 692 quaerere
294 629 332 676 ea
345 613 507 688 rogatiane
519 614 618 678 veliet.
635 620 739 688 patres
752 613 858 690 ipsum
870 631 941 676 eum
955 631 1107 690 quaerere,

128 700 294 764 iusserunt.
350 696 440 760 xitlt.
469 704 537 760 tuna
554 696 678 760 demun
695 698 841 762 nasutas
867 698 898 760 in
919 699 1108 774 provinciam

129 781 263 859 preteeti
281 789 367 855 suut,
393 782 622 856 euerriturnqua
647 796 676 840 a.
695 781 739 844 itt.
758 781 890 858 Popillia.
912 791 1106 858 aeceperunt

130 863 1106 942 nequaanennuvttupitttusraveruiuonananuenu,rnacau-

130 967 198 1014 sam
209 947 469 1014 diceretadversa
481 955 598 1023 senam,
613 948 772 1012 infestiore
780 951 909 1026 popula,
924 949 1008 1025 apud
1019 965 1109 1025 prae·

129 1032 1105 1112 tareni,quiuequaestinaeinsapositasenatumesnsuluisset.

130 1118 200 1182 huie
222 1115 432 1179 detreutatinni
452 1118 521 1178 eius
541 1116 652 1176 tribuni
673 1115 773 1192 plebis
792 1115 917 1178 alterius
938 1117 1106 1192 rogationis

129 1201 360 1264 denuntiatione
373 1207 579 1274 premerunt,
593 1208 627 1261 ut
640 1201 668 1260 si
682 1217 742 1262 non
755 1209 825 1262 ente
837 1200 906 1261 idus
918 1201 1106 1264 Navembres

130 1286 160 1345 in
182 1284 290 1346 urbam
309 1283 439 1346 Rumam
459 1284 624 1356 introisset,
649 1284 688 1344 de
709 1284 837 1346 ahsente
859 1299 896 1346 eo
919 1285 950 1346 C.
971 1282 1106 1349 Licinius
1203 1319 1207 1330 ·

130 1374 277 1430 statueret
296 1381 333 1428 ae
354 1367 510 1430 iudicarat.
528 1367 592 1431 ¹hue
612 1374 728 1430 tractus
742 1368 952 1430 vinnulorum
963 1367 1105 1440 redisset,

129 1452 243 1527 ingenti
264 1467 334 1513 euru
355 1449 470 1513 invidia
489 1451 519 1514 in
541 1457 679 1513 sanatum
700 1450 790 1514 venit.
813 1451 855 1511 ibi
871 1467 940 1512 eum
954 1453 1108 1512 laceratus

130 1535 235 1610 inpiis
250 1536 413 1600 nisurum
427 1541 519 1609 esset,
540 1542 665 1599 senatus
681 1537 854 1598 constitum
868 1534 982 1596 tartum
995 1540 1051 1608 est
1074 1543 1108 1594 ut

38 1685 42 1696 ,
131 1619 184 1696 qni
196 1619 340 1694 Ligurum
357 1624 428 1694 post
443 1617 476 1694 Q.
487 1619 625 1682 Fulvium
635 1619 827 1682 hunnum
842 1617 1105 1682 consuashostes

130 1719 191 1764 nan
207 1703 349 1776 tuissent,
373 1710 406 1763 ut
419 1717 474 1764 eas
490 1702 521 1764 Ο.
535 1701 672 1766 Lieinins
685 1703 738 1764 Cn.
754 1703 888 1766 Sicinius
897 1709 1061 1778 ¹praetores
1075 1701 1107 1760 in

130 1789 297 1850 libertatern
309 1785 518 1848 restituendos
539 1797 693 1861 errarent,
716 1801 885 1862 ⁴ngrunurue
899 1785 937 1848 iis
952 1793 1035 1848 trans
1051 1785 1105 1844 Pu·

130 1871 202 1938 <iuni
217 1872 326 1932 consul
347 1869 377 1930 C.
392 1869 540 1946 Popillius
554 1870 648 1934 (ierat.
674 1871 767 1934 mutu
782 1871 865 1932 mitia
877 1867 1108 1934 nominatae

130 1962 256 2018 senatus
278 1953 420 2018 corruite
441 1953 580 2018 restinta
598 1953 631 2017 in
652 1955 833 2029 libertatern,
858 1952 1107 2028 trensduatisque

95 2069 98 2074 ·
130 2039 244 2102 Pedum
261 2052 337 2113 ager
348 2047 395 2099 est
408 2037 598 2113 adsignatus
612 2038 652 2100 tt
664 2039 812 2115 Papiltiue
822 2039 983 2114 rogatione
992 2035 1107 2098 Mareia

132 2124 178 2184 bis
191 2122 276 2198 apud
291 2120 323 2186 G.
337 2121 484 2186 Licinium
498 2137 623 2186 cauam
636 2123 729 2184 disin
747 2123 834 2186 tertio
851 2129 988 2198 praetor,
1010 2117 1108 2197 gratia

131 2205 267 2275 somniis
295 2206 432 2270 absentis
460 2213 490 2268 et
510 2205 656 2281 Popiliae
678 2204 809 2270 familiae
832 2205 975 2280 precibus
997 2203 1107 2274 uirtus,

131 2291 234 2354 idibus
245 2287 364 2354 Martiis
379 2290 492 2352 adesse
505 2305 591 2356 reum
605 2289 705 2365 iussit,
721 2305 782 2364 quo
798 2289 851 2350 die
863 2287 935 2349 nari
949 2285 1106 2360 nragistrr-

130 2385 180 2437 tus
196 2373 296 2438 iniant
311 2381 396 2437 erant
410 2373 575 2446 honorem,
596 2389 636 2436 ne
649 2373 765 2435 diceret
777 2373 826 2434 ius
841 2371 893 2448 qui
908 2371 1046 2448 privatus
1061 2370 1106 2429 iu·

130 2467 218 2522 turus
232 2465 324 2520 esset.
346 2459 387 2520 ita
400 2458 519 2533 rogatio
535 2459 574 2520 de
584 2455 746 2534 Liguribus
762 2463 827 2518 arte
838 2455 1106 2519 tallaeietusaest.

122 2561 128 2567 ·
212 2541 318 2606 XXJJL
344 2541 452 2616 Legati
475 2541 741 2616 Carthaginienses
766 2556 804 2603 eo
830 2545 970 2616 tempore
989 2538 1108 2600 Romae

130 2635 226 2700 erant,
239 2633 272 2686 et
285 2625 418 2688 Gulussa
431 2623 513 2688 tilius
527 2623 719 2688 Masinissae.
734 2623 813 2685 inter
826 2639 882 2686 eas
893 2637 1023 2698 magnae
1034 2637 1106 2680 eon-

130 2711 279 2775 tentiunes
301 2710 330 2770 in
352 2717 460 2772 senatu
481 2711 577 2771 ittera
612 2708 878 2784 Carthaginienses
901 2705 1108 2784 querebantur

129 2801 251 2870 praeter
270 2809 391 2870 aprum,
418 2793 457 2856 de
479 2809 540 2869 quo
562 2799 632 2854 ante
652 2792 743 2868 legati
764 2791 939 2864 ab·Roma,
963 2788 1058 2864 quiin
1072 2801 1107 2846 re

130 2876 285 2952 praesenti
296 2884 528 2954 conposuerunt,
543 2875 630 2938 missi
642 2883 756 2948 essent,
769 2874 900 2950 amptius
913 2870 1107 2948 septuaginta

129 2962 245 3039 oppidu
265 2961 453 3036 castellaque
475 2960 540 3036 agri
554 2959 813 3036 Carthaginiensis
828 2956 950 3020 biennia
965 2954 1106 3031 proximo

128 3045 324 3108 Masinissam
344 3045 374 3104 vi
394 3051 491 3120 atque
508 3043 600 3106 annis
622 3044 813 3120 possedisse.
841 3042 873 3104 id
887 3039 945 3117 illi,
969 3038 1017 3102 eui
1033 3038 1106 3099 nihii

130 3130 220 3205 pensi
240 3125 294 3202 sit,
320 3128 408 3190 tacite
429 3143 516 3190 esse..
536 3127 805 3204 'carthaginienses
827 3124 954 3188 foedere
976 3120 1107 3198 illigatus

129 3214 236 3276 silere:
265 3211 421 3286 prohiberi
442 3211 521 3272 enim
542 3218 628 3274 extra
648 3212 726 3284 fines
747 3210 857 3276 eirene
879 3225 973 3276 arura
1001 3223 1106 3282 quarn·

129 3313 219 3372 quern
235 3293 335 3358 sciant
348 3294 378 3356 in
393 3295 460 3356 suis
473 3295 596 3370 tinibus,
611 3296 637 3357 si
652 3296 726 3359 inde
738 3293 884 3358 Numidas
899 3293 1056 3370 petierent,
1072 3303 1107 3348 se

129 3390 273 3455 gesturos
288 3376 410 3453 bellum,
426 3376 479 3439 illo
493 3378 576 3442 haud
590 3379 733 3454 ambiguo
749 3379 849 3452 eapite
860 3375 994 3440 foederis
1006 3373 1106 3432 deter-

129 3464 205 3540 reri,
227 3479 289 3540 quo
305 3462 419 3524 diserte
433 3469 572 3524 vetentur
586 3477 655 3526 cunr
669 3463 763 3525 soriis
779 3460 885 3540 populi
898 3455 1028 3522 Romani
1042 3453 1106 3514 bet-

843 3545 899 3606 10*
