2592 3964
216 201 258 265 12
354 199 469 261 LIBER
482 200 614 264 XXXIX.
636 199 718 259 CAP.
734 207 776 260 13.
789 205 832 259 tt
855 204 891 272 [c.
904 203 941 256 U.
953 221 976 256 c.
988 204 1053 272 566]

213 354 285 429 dici,
300 370 379 430 quos
393 351 552 414 machinae
566 351 700 426 illigatos
712 366 752 410 ex
766 355 936 424 conspectu
946 349 978 410 in
989 349 1111 412 abditos
1123 367 1194 427 spe-

213 452 270 499 cus
286 434 452 512 anrtpmnn
473 449 531 496 eos
544 451 616 496 esse
632 433 684 510 qui
699 434 924 495 autonniuoare
935 439 987 494 eut
997 433 1109 494 soctan
1121 435 1194 496 iaci-

212 521 340 582 noribus
361 528 414 580 aut
427 527 565 596 stuprum
578 518 643 595 peti
655 517 816 579 notuerint
852 515 1073 578 muttitudincm
1088 518 1195 592 ingen·

212 611 291 678 tem,
316 605 444 664 atterum
463 602 523 663 iam
545 617 643 678 prope
663 602 813 678 poputum
832 615 920 670 essm
952 599 983 659 in
1004 599 1053 659 his
1075 601 1195 662 notites

214 687 368 764 quosdam
385 688 471 747 siros
490 686 689 761 teminesque.
724 681 849 746 biennio
867 682 1011 759 proximo
1027 683 1195 746 institutum

212 787 300 845 esse,
321 787 362 831 ne
383 771 456 846 quis
474 769 571 831 maior
584 766 692 844 uiginti
705 767 795 829 anuis
809 767 991 828 intemetum
1012 767 1127 844 captari
1144 784 1195 828 ae
1279 765 1280 816 i

211 861 291 917 tetes
312 860 344 916 et
360 854 476 916 erroris
490 861 520 916 ct
534 853 632 928 stupri
646 850 806 928 patientes.
839 850 920 912 xtv.
942 859 1068 926 peracto
1081 851 1195 912 indicio

212 938 359 999 ceneten
375 953 484 999 rursus
501 937 631 1012 genibus
646 934 757 1013 preces
772 935 915 1011 easdem,
933 940 970 996 ut
981 950 1017 996 se
1030 935 1195 1010 abthmeq

214 1019 366 1097 repetivit.
386 1022 496 1081 consul
508 1026 740 1096 rogatsocrum,
757 1018 933 1095 utaliquum
945 1023 1061 1094 partem
1072 1018 1196 1080 aedium

212 1115 341 1165 vaenue
352 1105 475 1178 iaceret,
491 1119 553 1180 quo
559 1102 689 1178 Hispala
697 1101 894 1178 immigraret.
908 1102 1089 1163 cenaculum
1099 1115 1196 1177 super

212 1189 308 1248 aedes
323 1185 426 1248 datum
442 1193 504 1262 est,
525 1185 618 1246 scetis
633 1186 802 1247 ferentibus
816 1184 847 1246 in
861 1185 1018 1261 pubtcum
1033 1187 1193 1261 mactis,

212 1269 318 1330 aditu
310 1286 340 1330 m
355 1271 454 1330 aedes
465 1286 568 1332 verso.
588 1286 640 1331 res
652 1285 762 1330 omnes
770 1268 921 1330 Feceniae
931 1269 1089 1344 extempio
1096 1276 1195 1330 uane-
1280 1281 1281 1352 t

212 1353 293 1416 latae
307 1360 338 1415 et
353 1354 469 1414 inmitia
480 1352 638 1428 arcersito,
653 1360 684 1413 ct
692 1351 844 1414 Aebutius
857 1350 989 1427 migrare
1003 1352 1044 1412 ad
1057 1353 1193 1414 consutis

212 1435 376 1498 clientem
367 1451 488 1498 russus

296 1520 343 1578 lta
361 1535 430 1580 cum
450 1520 569 1581 indices
590 1520 707 1580 ambo*
700 1537 730 1579 ru
753 1525 907 1595 potestate
925 1525 1044 1594 esseut,
1070 1535 1134 1580 rem
1154 1522 1194 1584 ad

214 1609 354 1663 senatum
364 1602 541 1666 Postumius
555 1603 662 1678 detert,
677 1603 818 1664 omnibus
834 1601 942 1663 ordine
953 1603 1105 1680 expositis
1115 1619 1195 1679 quae

215 1683 318 1746 delata
331 1685 446 1762 primo,
462 1701 543 1760 quae
559 1685 670 1746 deinde
684 1685 723 1746 ab
738 1702 774 1748 se
790 1685 936 1761 inquisita
950 1688 1058 1747 iorent
1090 1694 1195 1762 patres

213 1783 311 1844 pavor
330 1770 442 1844 ingens
460 1768 557 1845 cepit,
581 1784 651 1828 cum
671 1768 795 1846 publico
816 1768 955 1842 nomine,
982 1783 1023 1828 ne
1044 1769 1119 1845 quid
1139 1785 1195 1830 eae

212 1852 439 1913 coniurationes
455 1860 627 1928 coctisque
641 1850 781 1914 nocomni
798 1853 914 1914 naudis
926 1854 1065 1913 oocuttae
1077 1861 1128 1914 ant
1138 1867 1193 1929 pe·
1280 1887 1282 1926 ι

210 1934 298 1996 ricuti
319 1937 533 2011 importarent,
554 1941 619 1997 tum
638 1936 779 2012 privatim
795 1951 923 1996 suorum
936 1937 1070 2013 quinque
1085 1937 1195 2012 vicem,

211 2033 251 2078 ee
274 2018 343 2093 quis
371 2019 485 2080 cumnis
505 2020 536 2080 ei
555 2031 656 2080 noxae
677 2027 770 2081 esset.
807 2021 926 2080 censuit
945 2028 1048 2081 nutem
1065 2029 1194 2081 senatus

211 2100 325 2176 grutae
347 2101 467 2163 consuti
484 2104 638 2178 mendas,
660 2103 743 2179 quod
758 2118 830 2164 esus
840 2119 905 2163 rem
919 2111 950 2164 et
964 2117 1035 2164 curn
1048 2103 1195 2178 singutari

211 2193 323 2246 euraet
333 2183 401 2246 siue
413 2187 474 2247 ullo
486 2188 615 2248 tumultu
624 2184 851 2261 investigasset.
865 2187 1077 2262 quaestionem
1082 2187 1195 2248 deinde

178 2341 182 2350 .
212 2269 251 2328 de
260 2268 505 2330 Bacchanatibuc
520 2271 684 2345 sacrisque
696 2271 854 2331 nocturnis
869 2277 956 2330 entra
970 2270 1108 2331 ordinem
1121 2286 1193 2332 con-

212 2350 331 2411 sulibus
346 2353 506 2424 mandene
522 2353 674 2412 indicibus
685 2351 820 2413 Aebutio
835 2369 871 2412 ec
880 2353 1031 2415 Feceniae
1044 2369 1083 2414 ne
1094 2355 1194 2416 fraudi

211 2449 248 2493 ea
262 2447 313 2494 res
329 2435 370 2495 sit
383 2447 500 2508 emere,
516 2442 549 2497 et
557 2434 635 2496 alios
648 2434 766 2496 indices
778 2435 923 2511 praemiis
934 2437 1062 2498 invitare
1072 2437 1193 2508 iubent3

212 2516 395 2578 secerdotes
408 2532 514 2578 eorum
529 2531 703 2592 sacrorum,
720 2535 776 2580 seu
790 2518 848 2579 viri
862 2535 919 2580 seu
934 2521 1065 2580 feminae
1078 2528 1194 2593 essent,

210 2614 272 2659 non
299 2601 416 2661 Romae
440 2602 532 2663 modo
559 2602 616 2662 scd
641 2603 821 2677 peremnia
848 2603 915 2664 tora
941 2611 973 2664 et
992 2601 1194 2664 conciliabuta

211 2684 361 2758 conquiri,
372 2689 406 2745 ut
419 2685 451 2744 in
465 2687 627 2746 consutum
641 2692 794 2761 potestate
805 2692 926 2757 essent;
942 2686 1022 2746 edici
1034 2692 1195 2762 praeterea

211 2764 242 2826 in
256 2767 332 2827 urbe
348 2768 461 2842 timna,
484 2775 515 2830 et
528 2784 584 2844 per
598 2776 692 2830 totam
704 2770 821 2830 italiam
835 2769 936 2832 edicta
949 2769 1039 2841 mitti,
1059 2784 1100 2828 nc
1114 2771 1192 2844 quis,

213 2849 269 2925 qui
281 2851 413 2912 Bacchis
433 2851 569 2924 initiatus
590 2859 689 2927 esset,
711 2853 813 2914 coisse
834 2860 886 2913 aut
900 2852 1085 2914 convenisse
1099 2868 1194 2912 eausa

209 2947 370 2995 sacrorum
389 2934 476 3008 vetit,
498 2935 653 3011 neuquid
674 2937 743 2997 tatis
764 2935 810 2997 rei
830 2937 952 2997 divinae
973 2937 1101 3004 iecisse;
1123 2943 1194 2995 ante

210 3017 312 3078 omnia
332 3027 366 3078 ut
386 3019 525 3093 quaestio
546 3019 587 3079 de
607 3019 644 3079 iis
659 3019 822 3092 habeatur,
844 3021 895 3094 qui
911 3019 1041 3082 coierint
1053 3019 1194 3081 coniura-

210 3097 355 3170 vennere,
379 3118 440 3176 quo
456 3108 594 3178 stuprum
608 3101 795 3178 flagitiumve
809 3102 980 3164 inferretur.
1012 3103 1089 3164 haee
1103 3117 1192 3163 sena·

210 3195 260 3242 tus
282 3183 429 3244 decrevit.
462 3188 607 3248 consules
629 3186 780 3248 aeditibus
802 3186 975 3248 currulibus
995 3185 1191 3262 imperarunt,

211 3271 244 3325 ut
258 3267 438 3328 sacerdotes
453 3268 518 3329 eins
534 3271 614 3330 sacri
629 3285 737 3331 omnes
751 3269 975 3346 conquirerent,
991 3268 1191 3345 comprehen—

212 3364 328 3427 sosque
341 3349 438 3412 tibero
454 3351 595 3414 conclavi
609 3354 649 3414 nd
662 3352 874 3428 quaestionem
886 3361 1059 3423 servarent;
1076 3350 1192 3413 aediles

96 3477 97 3482 η
209 3432 308 3508 plebis
329 3431 450 3510 videre,
472 3451 511 3497 ne
527 3453 588 3512 qua
602 3452 692 3497 sacra
705 3438 735 3498 in
751 3444 858 3514 operto
873 3438 989 3499 fierent.
1026 3433 1192 3498 triumviris
1282 3433 1283 3442 ’
