2598 3956
328 233 444 296 LIBER
458 232 518 296 xl.
540 232 622 294 cAP.
637 241 680 298 57.
693 241 736 297 58.
759 240 796 308 [a.
812 234 844 295 C·
859 240 922 308 179]
1051 233 1112 300 lot

213 389 447 466 Peropportune
466 403 549 449 mors
562 386 693 465 Philippi
716 387 771 451 luit
784 387 824 450 ad
838 387 1014 453 dilationem
1028 398 1058 453 et
1073 393 1113 452 ad

132 475 212 545 vires
234 473 315 535 bello
338 469 574 533 contrahendas.
602 485 673 532 nam
694 478 767 547 post
786 472 895 548 paucis
911 473 1020 537 diebus
1035 491 1113 552 gens

131 560 363 631 Bastarnarum,
385 555 438 617 diu
458 555 635 628 sollicitata,
655 555 775 618 ansuis
791 556 918 620 sedibus
933 573 1044 635 magna
1059 576 1113 636 pe

11 671 14 726 3
129 644 223 705 ditum
235 640 434 718 equitumque
445 655 538 700 manu
547 639 683 701 Histrum
693 639 820 700 traiecit.
841 639 913 702 inde
925 643 1112 718 praegressi,

129 727 183 802 qui
196 724 371 787 nuntiarent
383 722 457 800 regi,
470 723 645 799 Antigonus
661 729 691 782 et
706 723 808 784 Cotto:
825 723 912 786 cotto
925 725 1036 786 nobilis
1047 734 1115 787 erat

12 851 13 854 =
130 811 287 884 Bastarna,
304 823 410 884 arege
424 807 596 883 Antigonus
617 806 743 882 saepius
759 807 913 884 cumipse
929 809 1056 871 cottone
1071 811 1113 870 le·

128 894 219 970 gains
233 893 274 954 ad
288 892 488 954 concitandos
498 891 664 952 Bastarnas
679 890 803 952 missus.
826 890 910 953 haud
921 893 1030 968 procul
1039 893 1114 956 Am·

130 977 248 1055 phipoli
263 976 359 1050 lama,
374 975 446 1036 inde
460 973 534 1036 certi
548 973 646 1038 nuntii
661 982 860 1037 occurrerunt
874 983 1026 1039 mortuum
1042 991 1115 1036 esse

129 1077 242 1138 regem.
271 1075 351 1137 quae
372 1076 424 1121 res
439 1074 559 1120 omnem
574 1058 713 1120 ordinem
728 1058 847 1121 consilii
861 1061 1002 1122 turbavit.
1032 1076 1113 1122 com-

131 1145 263 1222 positum
283 1150 383 1205 autern
405 1145 452 1206 sio
466 1143 578 1217 luerat,
599 1143 758 1204 transitum
773 1157 831 1220 per
842 1143 1003 1206 Thraciam
1017 1152 1115 1209 tutum

130 1237 159 1291 et
174 1236 362 1291 commeatus
377 1227 535 1289 Bastarnis
551 1234 584 1288 ut
596 1225 756 1304 Philippus
771 1235 953 1306 praestaret.
977 1230 1009 1289 id
1022 1229 1084 1292 ull
1102 1261 1114 1271 -

129 1329 200 1374 cere
223 1320 346 1388 posset,
371 1311 531 1388 regionum
546 1309 701 1388 principes
724 1311 813 1372 donis
830 1313 966 1373 coluerat
979 1311 1042 1374 tide
1057 1327 1116 1372 sua

130 1397 264 1473 obligata
281 1403 391 1471 pacato
412 1395 534 1472 ugrnine
554 1394 736 1456 transituros
750 1395 928 1456 Bastarnas.
955 1394 1114 1457 Dardano-

129 1497 196 1543 rum
214 1487 336 1557 gentem
355 1479 459 1540 delere
479 1478 671 1554 propositum
692 1485 772 1552 erat,
796 1478 890 1555 inque
912 1493 1018 1542 eorum
1039 1495 1114 1554 agro

130 1565 223 1627 sedes
247 1563 376 1626 fundare
395 1563 564 1624 Bastarnis.
596 1562 713 1639 duplex
736 1561 810 1623 inde
831 1568 897 1623 erat
917 1562 1114 1625 commodum

130 1649 278 1722 mturum,
300 1646 328 1708 si
343 1653 374 1708 et
386 1646 536 1721 Dardani,
560 1661 637 1722 gens
654 1661 778 1722 semper
798 1647 998 1709 infestissima
1011 1645 1114 1708 Mace·

130 1731 242 1794 donine
255 1728 508 1808 temporibusque
520 1729 752 1807 iniquisregum
763 1730 933 1806 imminens,
947 1732 1115 1804 tolleretur,

11 1869 14 1890 ,
129 1825 161 1879 el
178 1816 348 1878 Bastarnae
372 1815 486 1877 relictis
508 1814 540 1875 in
560 1813 716 1876 Dardania
742 1813 923 1890 coniugibus
945 1813 1115 1890 liberisque

130 1901 170 1961 ad
184 1899 394 1977 populandam
407 1897 524 1961 Italiam
538 1905 668 1976 possent
682 1898 765 1959 mitti.
790 1914 847 1974 per
861 1897 1045 1960 Scordiscos
1060 1899 1116 1958 iter

130 1999 202 2046 esse
217 1983 257 2044 ad
271 1998 355 2044 marc
369 1981 558 2043 Adriaticum
572 1983 767 2059 italiamque;
790 1982 849 2042 alia
862 1981 913 2042 vla
928 1981 1046 2044 traduci
1061 1997 1115 2042 ex·

130 2068 258 2130 ercitum
272 2083 335 2129 non
350 2082 455 2142 posse.
482 2067 571 2127 facile
584 2066 743 2127 Bastarnis
759 2064 943 2132 Scordiscos
957 2066 1015 2126 iter
1029 2065 1116 2140 datu·

130 2167 199 2214 ros:
221 2166 279 2211 nec
289 2151 370 2212 enim
382 2157 435 2211 aut
448 2149 552 2225 lingua
562 2154 614 2210 aut
625 2149 761 2210 moribus
774 2151 921 2223 aequales
933 2148 1115 2218 abhorrere;

131 2244 161 2297 et
174 2236 263 2312 ipsos
277 2234 477 2296 adiuncturos
492 2249 543 2308 se,
564 2249 633 2294 cum
648 2232 688 2295 ad
703 2231 850 2309 praedam
866 2232 1117 2308 opulentissimae

131 2319 230 2395 gentis
245 2319 290 2380 iro
303 2317 463 2380 vidissent.
495 2317 568 2379 inde
583 2317 614 2377 in
630 2331 750 2378 omnem
765 2322 908 2376 eventum
923 2315 1051 2378 consilia
1066 2330 1117 2375 ac·

131 2401 423 2466 commodabanturz
446 2401 513 2463 sive
524 2401 608 2463 caesi
620 2400 658 2462 ab
669 2400 821 2478 Romanis
829 2399 929 2462 rorent
938 2400 1118 2475 Bastarnae,

11 2509 13 2514 ·
130 2488 296 2548 Dardanos
320 2493 422 2548 tauma
443 2485 583 2547 sutulatos
609 2484 820 2562 praedamque
841 2499 880 2546 ex
900 2483 1038 2560 reliqniis
1058 2483 1118 2544 Ba-

131 2579 306 2633 starnarum
331 2577 361 2631 et
388 2570 624 2647 possessionem
651 2569 779 2630 liberam
805 2568 979 2630 Dardaniae
1007 2567 1118 2644 solatio

132 2655 217 2726 lore;
239 2655 306 2716 sive
328 2669 479 2731 prospere
497 2669 562 2714 rem
582 2651 769 2729 gessissent,
790 2653 938 2714 Romanis
954 2653 1073 2714 aversis
1088 2651 1119 2711 in

130 2738 352 2813 Bastarnarum
376 2739 489 2801 bellum
509 2743 761 2812 recuperaturum
783 2751 818 2796 se
839 2738 870 2796 ln·
890 2735 1019 2796 Graecia
1039 2750 1120 2811 quae

131 2822 298 2884 amisisset.
322 2823 401 2884 hacc
413 2820 545 2898 Philippi
560 2820 689 2882 consilia
703 2820 833 2881 lucrant.
859 2818 964 2878 LVill.
986 2818 1119 2894 ingressi

131 2913 207 2968 sunt
227 2913 338 2984 pacato
359 2906 479 2983 agmine
500 2904 561 2966 lide
577 2901 714 2966 Cottonis
731 2909 762 2964 et
774 2900 931 2980 Antigoni.
965 2903 1022 2962 sed
1036 2901 1120 2962 haud

133 2992 228 3054 multo
254 2997 327 3068 post
351 2992 462 3052 lentam
481 2986 587 3051 mortis
608 2986 739 3064 Philippi
760 3002 861 3064 neque
881 2986 1015 3049 Thraces
1037 3001 1120 3048 com-

132 3074 248 3137 mercio
264 3075 370 3136 lacilas
386 3081 481 3149 erant,
496 3087 598 3149 neque
608 3073 777 3134 Bastarnae
788 3077 891 3148 empto
903 3069 1038 3133 contenti
1048 3085 1120 3132 esse

135 3165 280 3234 poterant
293 3157 390 3219 autin
404 3156 525 3236 agmine
540 3155 696 3229 contineri,
714 3172 754 3218 ne
769 3155 956 3217 decederent
968 3153 1029 3216 via.
1048 3155 1120 3215 inde

132 3240 263 3304 iniuriae
283 3241 363 3303 ultro
386 3241 525 3319 citroque
544 3239 626 3316 deri,
650 3255 779 3318 quarum
801 3239 832 3299 in
848 3238 915 3300 dies
930 3238 1119 3300 incremento

134 3327 248 3387 bellum
268 3325 393 3386 exarsit.
416 3331 571 3400 postremo
586 3325 720 3386 Thraces
741 3338 812 3386 cum
826 3323 888 3383 vim
904 3339 940 3384 ao
955 3320 1119 3386 multitudi-

134 3425 206 3470 nem
221 3409 372 3472 sustinere
386 3407 521 3472 hostiurn
535 3425 596 3471 non
612 3415 749 3484 possent,
763 3407 878 3485 relictis
895 3403 1119 3481 campestribus

133 3493 213 3556 vicis
227 3495 258 3555 in
272 3495 405 3556 montem
416 3492 546 3568 ingentis
557 3491 722 3554 altitudinis
735 3493 947 3554 -Donucam
959 3493 1130 3570 vocanl--·¹
