2570 3952
213 167 276 232 aas
385 164 602 228 urauamv.
628 123 820 226 curmae.
844 169 1040 238 [aueum
1082 221 1086 223 ,
1123 121 1127 124 ’

215 321 322 382 turbae
336 335 398 381 non
414 317 568 380 scenicum
584 317 680 392 magis
695 317 859 392 ludicrum,
882 332 943 377 non
958 316 1123 378 certamina
1136 316 1176 378 lru

215 406 327 467 minum
342 410 395 465 aut
415 401 564 463 curricula
578 416 736 477 equorum,
758 416 849 478 quam
864 401 981 475 praeda
994 400 1195 462 Macedonica

215 489 330 562 omnis,
356 493 389 549 ut
409 487 574 561 viseretur,
599 481 742 561 exposite
764 490 931 547 statuarum
943 485 1195 561 tabularumque,

215 572 360 634 textilium
382 577 412 634 et
431 585 576 630 vasorum
592 585 630 628 ex
646 584 721 628 auro
737 575 768 630 et
782 574 908 644 argento
924 576 954 630 et
968 583 1039 629 aere
1055 575 1085 629 et
1099 569 1197 631 ebore

210 659 364 731 laetorum
385 654 500 731 ingenti
521 670 595 715 cura
609 653 640 713 in
654 668 692 714 ea
705 651 805 728 regia,
825 660 858 713 ut
879 668 941 714 non
955 652 985 712 in
1000 661 1198 729 praesentem

214 741 306 803 modo
328 739 479 817 speciem,
503 737 645 815 qualibus
665 736 777 798 referta
790 735 876 812 regia
889 736 1104 797 Alexandreae
1118 743 1196 811 erat,

215 826 271 886 sed
285 825 511 900 inperpetuum
526 838 616 883 usum
630 821 747 883 fierent.
765 820 842 882 haee
857 820 886 880 in
903 823 1034 880 classem
1050 821 1197 896 imposita

215 909 397 970 devehenda
411 908 539 968 Romam
555 905 606 966 Cn.
623 904 749 968 Octavio
765 903 846 965 data.

298 992 427 1063 Paulus,
441 990 573 1065 benigne
586 989 694 1064 legatis
711 986 862 1063 dimissis,
878 995 1090 1062 transgressus
1107 985 1196 1066 Stry·

215 1090 337 1137 monem
351 1075 432 1134 mille
453 1089 602 1150 passuum
616 1073 654 1132 ab
670 1070 849 1147 Amphipoli
864 1077 966 1133 castra
979 1069 1096 1147 posuit3
1121 1071 1196 1132 inde

215 1160 373 1237 protectus
388 1158 501 1218 Pellam
517 1156 621 1234 quinto
637 1155 687 1216 die
707 1154 853 1232 pervenit.
878 1160 1127 1232 praetergressus
1142 1171 1196 1215 ur·

214 1244 293 1316 bem,
310 1243 349 1303 ad
362 1241 525 1318 Spelaeum
541 1241 627 1317 quod
639 1246 751 1301 vocant
764 1238 890 1301 biduum
901 1245 1046 1314 moratus,
1062 1237 1093 1302 P.
1105 1237 1196 1300 Nasi-

216 1343 283 1389 cam
304 1335 334 1389 et
356 1326 389 1402 Q.
412 1324 576 1387 Maximum
598 1324 692 1386 lilium
713 1337 782 1384 cum
802 1331 889 1399 parte
906 1323 1065 1410 copiarum
1085 1323 1124 1382 ad
1140 1324 1196 1384 de-

216 1411 412 1488 populandos
437 1409 575 1487 Illyrios
603 1407 656 1484 qui
679 1406 792 1467 Persea
816 1407 955 1468 iuverant
978 1407 1075 1480 bello,
1101 1406 1193 1484 misit

216 1498 320 1556 iussos
349 1495 389 1554 ad
409 1492 531 1553 Oricum
558 1493 617 1553 sibi
638 1505 815 1552 occurrere=
843 1491 912 1566 ipse
931 1489 1056 1566 Epirum
1085 1496 1195 1565 petens

218 1576 332 1653 quintis
344 1575 469 1638 decimis
478 1576 587 1636 castris
593 1574 797 1636 Passaronem
804 1575 953 1651 pervenit
967 1573 1101 1634 XXXIV.
1109 1574 1195 1636 haud

216 1663 325 1736 procul
340 1660 411 1720 inde
421 1659 521 1718 Anicii
535 1664 637 1720 eastra
651 1655 785 1718 aberant.
808 1659 848 1719 ad
860 1675 952 1734 quem
963 1657 1068 1718 litteris
1079 1657 1191 1736 missis,

217 1761 255 1806 ne
271 1745 345 1822 quid
359 1743 400 1804 ad
414 1759 452 1802 ea
467 1757 547 1817 quae
562 1742 672 1803 fierent
683 1748 873 1805 moveretur:
896 1748 1035 1804 senatum
1047 1743 1195 1817 praedam

215 1829 299 1905 Epiri
319 1827 500 1900 eivitatium,
526 1843 606 1901 quae
626 1825 667 1887 ad
685 1824 800 1886 Persea
821 1826 1022 1902 deiecissent,
1047 1825 1193 1887 exercitui
1269 1847 1270 1882 t

216 1912 358 1981 dedisse;
381 1910 553 1972 summissis
575 1909 804 1971 centurionibus
818 1912 848 1970 in
864 1909 1001 1984 singulas
1015 1909 1118 1983 urbae,
1142 1911 1195 1986 qut

216 2011 252 2056 se
267 1995 404 2056 dicerent
417 1993 457 2052 ad
471 1992 628 2069 praesidia
640 1992 821 2054 deducenda
831 1994 965 2067 venisse,
980 1999 1014 2053 ut
1023 1992 1110 2054 liberi
1121 1991 1193 2069 Epi·
1269 1993 1270 1998 ’

216 2084 303 2139 rotae
317 2077 395 2139 sieut
404 2077 593 2140 Macedones
605 2083 718 2151 essent²
734 2078 832 2138 denos
845 2077 1001 2153 principes
1012 2091 1052 2137 ex
1064 2076 1194 2153 singulis

215 2163 357 2225 evocavit
370 2159 557 2234 civitatibus,
581 2161 692 2237 quibus
708 2176 777 2221 cum
792 2160 1019 2236 denuntiasset,
1038 2166 1072 2220 ut
1085 2177 1194 2223 aurum

216 2256 309 2322 atque
327 2253 483 2322 argentum
497 2243 528 2306 in
543 2244 698 2320 publicum
713 2244 910 2320 proterretur,
925 2259 982 2320 per
997 2259 1105 2306 omnes
1121 2245 1194 2306 eivi-

215 2337 293 2391 tates
305 2330 449 2392 cobortes
461 2327 584 2389 dimisit
597 2335 666 2388 ante
678 2329 708 2387 in
719 2327 880 2389 ulteriores
893 2344 984 2404 quam
992 2328 1021 2387 in
1030 2330 1194 2404 propiores

217 2411 356 2490 proiecti,
371 2418 405 2474 ut
418 2427 480 2472 uno
497 2411 547 2471 die
560 2409 591 2470 in
608 2427 713 2471 omnes
729 2411 948 2487 perveniretur.
969 2412 1050 2472 edita
1064 2410 1194 2475 tribunis

216 2493 508 2568 centurionibusque
529 2501 615 2555 erant
635 2509 714 2569 quae
735 2503 906 2569 agerentur.
931 2512 1019 2556 mane
1035 2512 1125 2556 omne
1140 2515 1193 2558 au·
1269 2512 1270 2540 l

214 2595 281 2640 rum
297 2584 516 2654 argentumque
532 2578 688 2651 collatum,
709 2577 787 2639 hora
809 2587 917 2656 quarto
931 2580 1052 2655 signum
1066 2580 1107 2640 ad
1122 2580 1194 2640 diri·

216 2662 347 2740 piendas
368 2662 461 2724 urbes
478 2662 581 2723 datum
597 2667 645 2723 est
658 2660 816 2734 militibus;
838 2671 983 2739 tantaque
999 2664 1115 2739 praeda
1129 2664 1195 2740 luit,

215 2747 295 2808 utin
311 2747 444 2825 equitem
459 2743 661 2823 quadringeni
675 2744 801 2822 denarii,
823 2747 976 2825 peditibus
992 2747 1102 2809 duceni
1117 2747 1194 2810 divi-
1269 2791 1270 2828 p

216 2832 370 2910 darentur,
386 2840 506 2894 eentum
522 2830 743 2907 quinquaginta
753 2831 835 2892 milia
847 2831 981 2908 capitum
991 2831 1195 2894 humanorum
1269 2833 1270 2848 ¹

215 2916 449 2978 abducerentur.
464 2915 541 2976 muri
552 2914 665 2976 deinde
675 2915 859 2992 direptarum
871 2914 992 2977 urbium
1004 2916 1095 2978 diruti
1106 2924 1194 2978 sunt:

215 3001 350 3061 caluere
364 3000 479 3075 oppidu
489 3000 571 3058 circa
581 2999 782 3076 septuaginta.
794 2997 1193 3077 venditapmedaomnium,

215 3083 254 3142 de
269 3100 306 3143 ea
321 3099 440 3144 summa
453 3082 537 3144 militi
558 3089 747 3163 numeratum
762 3089 818 3144 est.
839 3084 953 3146 Paulus
974 3085 1015 3146 ad
1028 3101 1112 3146 mare
1128 3083 1194 3146 Ori·

216 3183 285 3227 cum
297 3165 465 3243 descendit,
477 3182 682 3242 nequaquam,
696 3173 729 3228 ut
737 3175 822 3229 ratus
834 3175 908 3244 erat,
923 3170 1054 3246 expletis
1065 3169 1195 3231 militum

214 3249 333 3327 animis,
351 3249 402 3326 qui
417 3257 571 3328 tamquam
583 3251 698 3312 nullum
712 3252 741 3312 in
753 3251 935 3314 Macedonia
945 3251 1119 3330 gessissent
1128 3253 1195 3315 bel·

215 3336 291 3411 lum,
310 3342 459 3412 expertes
480 3333 585 3411 regiae
606 3336 739 3411 praedae
760 3351 831 3397 esse
845 3337 1089 3413 indignabantur.
1112 3336 1195 3399 Orici

215 3433 284 3480 eum
299 3421 410 3481 missus
427 3437 495 3481 cum
510 3418 655 3497 Scipione
669 3419 780 3481 Nasica
794 3419 991 3499 Maximoque
1005 3422 1068 3484 filio
1084 3421 1193 3498 copias
