2570 3952
196 211 259 274 296
368 209 484 270 LIBER
497 209 585 269 xiv.
603 206 684 267 CAP.
695 215 738 268 m.
751 215 794 268 43.
811 213 847 279 [a.
860 213 894 263 u.
907 231 930 263 c.
941 213 1006 280 oss]

198 371 405 439 septuagenos
423 361 548 437 quinos
570 360 837 435 gubernatoribus,
853 359 950 434 quiin
966 362 1095 422 navibus
1109 360 1170 421 lue·

197 455 274 522 rant,
290 447 413 520 duplex,
428 441 582 518 magistris
597 442 719 503 navium
733 443 933 518 quadruplex.

283 529 415 589 Senatus
436 527 548 586 deinde
568 525 689 586 habitus
711 535 765 587 est.
794 532 898 600 patres
920 535 1116 599 censuerunt,
1141 532 1177 585 ut

199 615 233 688 Q.
256 613 381 674 Cassius
401 610 515 671 Persea
534 624 638 684 regem
659 625 726 670 cum
749 610 927 671 Alexandro
943 610 1006 672 lilio
1019 609 1128 671 Albam
1142 609 1176 668 in

199 695 369 758 custodiam
381 695 523 763 duceret;
545 695 681 764 comites,
698 694 867 768 pecuniam,
881 701 1047 768 argentum,
1062 693 1176 752 iustru-
1265 699 1268 724 ¹

104 851 106 858 ¹
198 787 331 840 mentum
354 779 437 853 quod
458 777 594 837 haberet.
615 777 724 854 Bithys
744 776 826 850 regis
840 775 988 836 Thracum
1009 776 1088 836 lilius
1105 791 1177 836 cum

199 863 360 926 obsidibus
388 863 418 920 in
443 861 615 920 custodiam
641 859 802 920 Carseolos
827 867 875 920 est
897 859 1020 920 missus.
1053 865 1175 918 ceteros

199 948 353 1022 captivos,
377 945 473 1020 quiin
488 942 640 1018 triumpho
656 943 737 1004 ducti
753 951 852 1018 eraut,
867 943 899 1004 in
915 956 1068 1004 carcerem
1084 941 1178 1001 condi

198 1031 320 1105 placuit.
343 1029 459 1103 paucos
475 1034 547 1102 post
560 1026 627 1086 dics
643 1041 735 1101 quam
745 1026 823 1086 haec
834 1035 910 1099 acta,
926 1026 1017 1100 legati
1028 1025 1067 1084 ab
1079 1025 1178 1101 Cotyc

197 1129 270 1187 rege
284 1110 434 1172 Thracum
448 1117 604 1183 venerunt,
625 1109 785 1184 pecuniam
801 1109 841 1168 ad
854 1108 1065 1170 redimendum
1079 1107 1177 1170 filium

198 1198 337 1272 aliosque
353 1194 478 1255 obsides
491 1199 705 1274 apportantes.
728 1193 773 1253 eis
788 1193 818 1252 in
833 1198 971 1253 senatum
986 1191 1177 1264 introductis,
1268 1195 1269 1246 t

198 1288 228 1341 ct
242 1281 273 1339 id
288 1281 390 1354 ipsum
405 1277 574 1352 argumenti
589 1276 859 1353 praetendentibus
874 1274 1020 1350 orationi,
1045 1289 1106 1334 non
1119 1290 1178 1334 sua

197 1364 354 1424 voluntate
369 1361 466 1438 Cotyn
481 1362 562 1422 bello
578 1361 695 1422 iuvisse
708 1360 836 1432 Persea,
860 1359 944 1434 quod
959 1358 1085 1419 obsides
1101 1358 1177 1419 darc

199 1454 325 1508 coactus
341 1454 439 1519 esset,
456 1446 690 1520 orantibusque,
705 1451 738 1504 ut
753 1459 807 1504 eos
823 1441 936 1518 pretio,
958 1449 1102 1518 quantum
1116 1441 1176 1516 ipsi

198 1531 376 1590 statuissent
391 1536 510 1603 putres,
530 1527 638 1588 redimi
660 1533 847 1602 paterentur,
868 1541 1054 1602 responsum
1068 1540 1108 1585 ex
1123 1541 1176 1584 au·

172 1667 181 1692 ,
198 1612 335 1673 ctoritate
351 1619 476 1672 senatus
497 1618 545 1671 cst
564 1613 712 1686 populum
728 1609 1088 1671 Romanum‘meminisse
1102 1610 1178 1668 ami·
1269 1631 1270 1672 3

198 1696 295 1768 ciliae,
319 1709 399 1770 quae
415 1708 483 1754 cum
499 1693 596 1770 Cotye
610 1693 840 1768 maioribusque
854 1694 920 1754 eius
936 1701 965 1753 et
979 1697 1069 1768 gente
1082 1691 1176 1754 Thra·
1269 1693 1270 1696 ’

198 1795 267 1839 curn
282 1779 401 1839 luisset.
422 1776 549 1839 obsides
565 1779 653 1837 datos
665 1777 788 1852 crimen,
803 1793 865 1837 non
877 1775 1010 1837 oriminis
1022 1775 1178 1836 detensio-

197 1879 267 1922 uem
283 1877 363 1936 csse,
380 1878 449 1921 cum
462 1861 612 1922 Thracum
623 1861 703 1935 genti
716 1876 755 1920 ne
767 1861 887 1936 quietus
901 1860 1024 1934 quidem
1034 1857 1178 1932 Perseus,

198 1947 310 2004 nedum
323 1945 404 2004 bello
416 1945 555 2006 Romano
571 1952 740 2019 occupatus
756 1944 905 2004 timendus
921 1943 1020 2004 luerit.
1043 1949 1178 2004 ceterum

198 2026 255 2088 etsi
277 2028 371 2105 Cotys
398 2026 503 2087 Persei
529 2027 656 2102 gratiam
684 2028 879 2102 praetulisset
899 2025 1049 2087 amicitiae
1069 2026 1179 2102 populi
1270 2041 1271 2092 t

196 2111 341 2185 Romani,
357 2108 455 2185 magis
472 2112 545 2186 quid
560 2127 595 2172 se
610 2110 735 2186 dignum
750 2119 848 2185 esset,
870 2127 961 2186 quam
980 2110 1055 2186 quid
1069 2108 1179 2171 merito
1270 2121 1271 2126 ’

198 2197 264 2256 cius
285 2195 352 2255 lieri
373 2205 497 2270 posset,
519 2195 760 2267 aestimaturum‚
782 2195 875 2256 tilium
900 2202 993 2268 atque
1008 2193 1135 2254 obsides
1151 2193 1179 2254 ci

196 2275 406 2340 remissurum.
428 2277 579 2339 beneficia
593 2277 724 2354 gratuita
739 2294 810 2338 csse
826 2279 931 2353 populi
946 2277 1090 2338 Romani:
1107 2293 1178 2352 pre·

197 2364 271 2422 tium
286 2379 392 2423 eorum
407 2365 498 2421 malle
511 2362 727 2436 relinquerem
740 2361 950 2436 accipientium
963 2360 1071 2421 animis
1085 2377 1180 2435 quam

198 2461 348 2520 praesens
360 2445 493 2516 exigere.
509 2445 600 2519 legati
611 2453 673 2504 tres
686 2445 838 2518 nominati,
853 2445 884 2504 T.
899 2444 1056 2518 Quinctius
1067 2443 1177 2504 Flami·

198 2529 287 2588 ninus
304 2527 336 2591 C.
351 2526 484 2588 Licinius
499 2528 598 2587 Nerva
611 2527 651 2585 Μ.
668 2526 810 2588 Caninius
825 2523 961 2600 Rebilus,
983 2528 1034 2604 qui
1049 2526 1178 2589 obsides

197 2613 227 2669 in
251 2611 410 2670 Thraciam
433 2611 628 2683 reducerent;
661 2618 691 2671 et
712 2609 879 2672 Thracibus
904 2627 1034 2672 munera
1054 2611 1126 2671 data
1147 2612 1178 2670 in

198 2694 336 2770 singulos
358 2694 462 2754 binum
481 2694 595 2754 milium
615 2693 706 2755 acris.
726 2692 835 2772 Bithys
851 2711 921 2756 cum
937 2695 1046 2757 ceteris
1062 2695 1178 2756 obsidi-

197 2777 256 2839 bus
271 2795 290 2838 a
305 2777 458 2840 Carseolis
473 2778 641 2840 accersitus
655 2779 696 2838 ad
711 2786 827 2853 patrem
843 2794 912 2838 cum
926 2777 1035 2854 legatis
1050 2779 1176 2840 missus.

197 2877 293 2922 naves
308 2862 411 2936 regiae
427 2870 534 2939 captae
548 2863 588 2923 dc
596 2862 827 2936 Macedonibus,
842 2863 1014 2923 invisitatae
1028 2870 1098 2922 ante
1112 2877 1176 2920 ma-

196 2945 369 3018 gnitudinis,
386 2947 415 3004 in
432 2962 540 3021 campo
555 2945 662 3007 Martio
678 2946 848 3006 subductae
862 2953 944 3006 sunt.

281 3027 382 3087 XLlll.
394 3029 546 3090 Haerente
558 3029 658 3088 adhuc
669 3046 730 3089 non
742 3029 772 3089 in
785 3030 893 3089 animis
906 3030 1000 3090 modo
1013 3029 1068 3090 scd
1077 3045 1177 3103 paone

196 3111 225 3168 in
250 3111 346 3171 oculis
367 3113 513 3172 memoria
533 3111 724 3173 Macedonici
738 3110 892 3187 triumplii,
912 3113 946 3172 L.
962 3113 1089 3173 Anicius
1107 3112 1176 3185 Qui-

195 3194 342 3255 rinalibus
363 3195 559 3272 triumphauit
579 3194 618 3253 de
639 3211 712 3270 rege
734 3193 842 3257 Gentio
858 3196 1042 3274 Illyriisque.
1065 3195 1178 3256 similia

197 3278 298 3338 omnia
326 3279 424 3352 magis
448 3279 516 3339 visa
535 3275 710 3340 hominibus
732 3296 824 3354 quam
852 3280 953 3354 pariae
987 3277 1086 3340 minor
1105 3277 1176 3353 ipse

197 3361 376 3437 imperator,
391 3369 421 3421 et
434 3362 590 3423 nobilitate
605 3363 733 3423 Anicius
750 3379 818 3424 cum
832 3361 978 3437 Aemilio,
994 3370 1026 3423 et
1040 3364 1105 3424 iure
1119 3361 1174 3420 im-

196 3443 273 3518 perii
288 3454 493 3520 praetoremn
511 3448 638 3508 consule
655 3447 798 3520 collatus3
829 3463 889 3508 non
907 3445 1034 3507 Gentius
1048 3445 1178 3514 Perseo,
