2592 3964
193 216 231 280 18
334 215 449 277 LIBER
463 215 593 286 XXXIX.
617 215 699 276 CAP.
711 224 754 277 20.
766 225 810 278 21.
832 202 868 290 [a.
883 223 916 274 U.
929 239 952 274 c.
964 222 1026 290 566]
1071 227 1073 234 ’
1129 254 1136 266 ·

193 367 293 444 uiginti
314 366 395 426 milia
417 366 551 442 peditum
572 366 666 426 sociis
687 373 717 426 et
737 366 851 428 nomini
863 366 970 427 Latino
985 364 1174 441 imperarunt

190 459 222 514 et
236 449 355 526 equites
371 450 452 510 mille
465 456 634 521 trecentos,
657 456 688 509 et
701 449 756 510 tria
771 449 853 510 milia
866 449 1003 524 peditum
1017 449 1172 512 Romano·

189 552 265 609 rum,
282 534 432 595 ducentos
448 533 579 608 equites.
601 540 696 594 totum
711 533 795 594 hunc
810 530 978 593 exercitum
992 542 1113 608 praeter
1127 534 1173 593 le-

189 620 297 694 giones
312 617 342 676 in
361 617 606 694 supplementum
619 615 835 694 Hispaniensis
850 617 1004 677 exercitus
1020 617 1090 677 duci
1104 616 1172 692 pla-

190 703 288 762 cebat.
325 699 428 776 itaque
456 701 604 764 consules
630 700 703 762 dum
728 701 788 775 ipsi
814 699 1047 777 quaestionibus
1075 701 1172 775 impe-

191 783 365 856 diebantur,
397 785 430 846 Τ.
451 783 605 844 Maenium
630 783 754 846 dilectui
776 783 920 843 habendo
947 785 1171 858 praefecerunt.

188 869 333 944 perfectis
350 867 582 944 quaestionibus
597 867 682 944 prior
694 867 727 942 Q.
738 867 872 928 Marcius
884 867 915 924 in
926 867 1055 942 Ligures
1065 870 1182 942 apua·

188 967 248 1014 nos
273 959 321 1015 est
341 953 508 1026 proiectus.
538 951 611 1011 dum
629 950 753 1026 penitus
773 949 804 1011 in
819 949 939 1010 abditos
955 952 1067 1022 saltus,
1091 965 1172 1026 quae

189 1035 325 1096 latebrae
338 1034 597 1110 receptaculaque
611 1050 734 1110 semper
747 1033 805 1094 illis
822 1035 949 1109 fuerant
964 1026 1171 1110 persequitur,

190 1117 221 1177 in
243 1116 481 1194 praeoccupatis
502 1118 651 1192 angustiis
666 1119 736 1179 loco
752 1117 857 1193 iniquo
873 1125 922 1179 est
935 1118 1171 1179 circumventus.

191 1207 336 1277 quattuor
348 1201 430 1260 milia
444 1201 569 1262 militum
584 1202 707 1276 amissa,
722 1209 753 1262 et
767 1200 896 1278 legionis
912 1202 1068 1264 secundae
1082 1200 1170 1276 signa

188 1285 254 1359 tria,
269 1285 411 1346 undecim
427 1284 539 1346 vexilla
554 1285 673 1346 socium
685 1285 782 1346 Latini
797 1285 929 1348 nominis
944 1286 974 1344 in
989 1291 1172 1361 potestatem

188 1367 321 1429 hostiurn
335 1375 499 1443 venerunt,
515 1376 545 1430 et
558 1385 643 1430 arma
657 1370 758 1443 multa,
775 1383 854 1444 quae
869 1370 941 1446 quia
954 1368 1169 1445 impedimento

190 1451 376 1527 fugientibus
401 1467 457 1528 per
481 1452 641 1514 silvestres
667 1451 793 1514 semitas
813 1460 914 1528 erunt,
939 1451 1057 1529 passim
1077 1453 1166 1513 iacta-

187 1536 307 1597 bantur.
323 1536 409 1613 prius
425 1537 576 1611 sequendi
586 1537 715 1612 Ligures
730 1537 820 1598 tinem
837 1553 930 1612 quarn
941 1538 1031 1612 rugae
1041 1536 1171 1598 Romani

189 1620 336 1680 lecerunt.
365 1621 473 1680 consul
497 1618 549 1682 ubi
562 1620 693 1695 primum
707 1635 746 1680 ex
759 1619 893 1682 hostium
908 1636 983 1696 agro
998 1619 1111 1694 evasit,
1133 1635 1172 1681 ne

189 1708 334 1778 quantum
356 1702 530 1764 deminutae
545 1703 654 1778 copiae
668 1705 768 1764 rorent
781 1712 958 1780 appareret,
980 1705 1010 1764 in
1025 1703 1102 1766 locis
1118 1719 1171 1778 pa-

188 1785 264 1848 catis
284 1786 451 1848 exercitum
472 1785 592 1846 dimisit.
621 1793 796 1849 nontamen
811 1787 984 1848 oblitterare
998 1789 1110 1848 tamam
1123 1786 1168 1846 rei

187 1869 266 1930 male
280 1875 387 1944 gestae
401 1870 514 1944 potuit:
536 1885 607 1930 nam
621 1871 735 1945 saltus,
756 1871 838 1932 unde
853 1886 923 1932 eum
938 1868 1067 1946 Ligures
1083 1871 1170 1946 iuga·

188 1960 304 2024 verant,
322 1951 455 2013 Marcius
471 1959 519 2012 est
532 1954 714 2030 appellatus.

271 2034 349 2094 XXI.
372 2033 436 2096 Sub
457 2035 539 2096 hunc
558 2035 696 2099 nuntium
716 2053 756 2097 ex
769 2037 935 2112 Ligustinis
956 2038 1111 2114 vulgatum
1126 2037 1170 2098 lit·
1287 2041 1288 2044 ’

187 2125 271 2179 terae
286 2132 326 2180 ex
339 2116 487 2194 Hispania
501 2119 623 2182 mixtam
639 2121 751 2197 gaudio
765 2120 915 2182 tristitiam
930 2120 1106 2181 adferentes
1120 2135 1170 2180 ve·

186 2209 305 2262 nerunt.
334 2200 366 2262 C.
383 2202 520 2278 Atinius,
542 2204 593 2280 qui
612 2203 735 2266 biennio
750 2210 820 2264 aute
835 2210 959 2280 praetor
973 2205 1003 2263 in
1018 2219 1085 2264 eam
1099 2218 1170 2279 pro·

186 2285 318 2345 vinciam
328 2287 486 2361 proiectus
495 2295 568 2360 erat,
581 2305 649 2350 cum
655 2286 810 2348 Lusitanis
822 2286 852 2346 in
861 2303 934 2362 agro
942 2287 1068 2348 Astansi
1074 2287 1170 2362 signis

187 2366 306 2428 collatis
321 2369 482 2442 pugnaviu
504 2370 545 2429 ad
559 2386 616 2430 sex
629 2371 711 2430 mitia
725 2370 859 2430 hostium
875 2376 946 2432 sunt
960 2385 1060 2444 caesa,
1077 2371 1170 2430 ceteri

186 2450 251 2510 iusi
263 2457 294 2511 et
306 2449 401 2523 iugali
418 2452 589 2528 castrisque
603 2453 695 2513 exuti.
719 2451 758 2513 ad
774 2453 922 2529 oppidum
937 2454 1050 2515 deinde
1063 2455 1171 2514 Astam

190 2532 431 2608 oppugnandum
446 2531 584 2608 legiones
599 2535 697 2597 ducit:
721 2537 750 2598 id
768 2552 894 2612 quoque
907 2537 991 2598 haud
1002 2539 1095 2599 multo
1108 2553 1171 2598 rna·

188 2616 253 2676 iore
269 2616 433 2677 certamine
447 2616 529 2692 cepit
540 2635 630 2694 quam
642 2628 759 2690 castra3
775 2621 831 2681 sed
844 2621 916 2680 dum
927 2619 1078 2682 incautius
1090 2619 1172 2682 subit

186 2713 300 2772 muros,
316 2696 395 2770 ictus
412 2716 451 2761 ex
467 2702 594 2763 vulnere
612 2711 684 2778 post
696 2705 762 2764 dies
778 2719 896 2779 paucos
908 2703 1042 2766 moritur.
1065 2702 1171 2765 litteris

186 2784 226 2843 de
240 2789 337 2846 morte
351 2785 561 2861 propraetoris
574 2786 708 2848 recitatis
723 2794 849 2848 senatus
864 2789 983 2850 censuit
993 2789 1171 2852 mittendum

186 2865 240 2941 qui
257 2868 297 2927 ad
306 2865 411 2928 Lunae
425 2875 547 2946 portum
558 2869 589 2930 C.
603 2869 797 2948 Calpurnium
812 2878 987 2946 praetorum
999 2887 1171 2948 conseque-

185 2957 276 3024 retur,
292 2951 504 3027 nuntiaretque
518 2954 803 3030 senatum'aequum
819 2970 962 3028 censere,
982 2970 1019 3015 ne
1035 2955 1101 3016 sine
1116 2953 1170 3016 im-

184 3033 272 3107 perio
287 3035 446 3108 provincia
457 3041 550 3108 esset,
566 3045 717 3100 maturare
728 3054 797 3098 eum
809 3037 976 3113 proficisci.
999 3047 1108 3115 quarto
1121 3039 1172 3099 die
1234 3104 1238 3109 ,

185 3115 373 3192 quimissus
388 3124 453 3180 erat
463 3118 580 3180 Lunam
595 3123 693 3182 venit:
716 3121 823 3196 paucis
835 3129 905 3182 ante
921 3123 1030 3184 diebus
1046 3121 1170 3198 Calpur-

186 3201 255 3261 nius
277 3200 435 3286 proiectus
456 3210 529 3263 erat.
566 3205 646 3265 etin
667 3205 806 3266 citeriore
826 3205 977 3281 Hispania
989 3207 1023 3267 L.
1037 3206 1169 3267 Manlius
1212 3202 1213 3206 ’

184 3283 349 3360 Acidinus,
373 3287 425 3361 qui
440 3286 550 3347 eodem
563 3295 717 3363 tempore,
740 3305 800 3364 quo
817 3288 848 3350 C.
863 3290 984 3351 Atinius
1000 3288 1030 3349 in
1046 3287 1170 3365 provin-

185 3365 264 3428 ciam
285 3365 376 3444 ierat,
398 3383 467 3430 cum
482 3369 638 3446 Celtiberis
654 3370 720 3432 acie
736 3370 884 3434 conflixit.
913 3374 1028 3435 incerta
1041 3371 1171 3433 victoria

182 3450 359 3514 discessum
376 3461 439 3527 est,
461 3453 520 3514 nisi
536 3455 619 3530 quod
635 3453 773 3516 celtiberi
790 3464 892 3518 eastra
906 3457 978 3518 inde
993 3464 1083 3518 nocte
1098 3472 1171 3533 pro·
