<?xml version="1.0" encoding="UTF-8"?>
<!DOCTYPE html PUBLIC "-//W3C//DTD XHTML 1.0 Transitional//EN"
    "http://www.w3.org/TR/xhtml1/DTD/xhtml1-transitional.dtd">
<html xmlns="http://www.w3.org/1999/xhtml" xml:lang="en" lang="en">
 <head>
  <title>
</title>
<meta http-equiv="Content-Type" content="text/html;charset=utf-8" />
  <meta name='ocr-system' content='tesseract 3.04.00' />
  <meta name='ocr-capabilities' content='ocr_page ocr_carea ocr_par ocr_line ocrx_word'/>
</head>
<body>
  <div class='ocr_page' id='page_1' title='image "./aburbeconditali09livygoog_0257.png"; bbox 0 0 2574 3954; ppageno 0'>
   <div class='ocr_carea' id='block_1_1' title="bbox 326 225 1109 310">
    <p class='ocr_par' dir='ltr' id='par_1_1' title="bbox 326 225 1109 310">
     <span class='ocr_line' id='line_1_1' title="bbox 326 225 1109 310; baseline 0.017 -26"><span class='ocrx_word' id='word_1_1' title='bbox 326 225 441 286; x_wconf 76' lang='lat' dir='ltr'>LIBER</span> <span class='ocrx_word' id='word_1_2' title='bbox 455 225 559 286; x_wconf 72' lang='lat' dir='ltr'><strong>xilv.</strong></span> <span class='ocrx_word' id='word_1_3' title='bbox 581 225 665 287; x_wconf 77' lang='lat' dir='ltr'><strong>cAP.</strong></span> <span class='ocrx_word' id='word_1_4' title='bbox 680 237 724 290; x_wconf 80' lang='lat' dir='ltr'><strong>m.</strong></span> <span class='ocrx_word' id='word_1_5' title='bbox 746 228 783 306; x_wconf 73' lang='lat' dir='ltr'><strong>[a.</strong></span> <span class='ocrx_word' id='word_1_6' title='bbox 800 233 831 288; x_wconf 89' lang='lat' dir='ltr'><strong>c.</strong></span> <span class='ocrx_word' id='word_1_7' title='bbox 848 232 909 310; x_wconf 82' lang='lat' dir='ltr'><strong>toa]</strong></span> <span class='ocrx_word' id='word_1_8' title='bbox 1046 229 1109 296; x_wconf 76' lang='lat'><strong>22⁰</strong></span> 
     </span>
    </p>
   </div>
   <div class='ocr_carea' id='block_1_2' title="bbox 105 376 1132 3544">
    <p class='ocr_par' dir='ltr' id='par_1_2' title="bbox 121 376 1127 1374">
     <span class='ocr_line' id='line_1_2' title="bbox 123 376 1109 460; baseline 0.004 -20"><span class='ocrx_word' id='word_1_9' title='bbox 123 376 231 441; x_wconf 85' lang='lat' dir='ltr'><strong>rendis</strong></span> <span class='ocrx_word' id='word_1_10' title='bbox 245 378 405 440; x_wconf 89' lang='lat' dir='ltr'><strong>adiuturos</strong></span> <span class='ocrx_word' id='word_1_11' title='bbox 417 392 498 438; x_wconf 89' lang='lat' dir='ltr'><strong>esse.</strong></span> <span class='ocrx_word' id='word_1_12' title='bbox 521 377 598 438; x_wconf 89' lang='lat' dir='ltr'><strong>haec</strong></span> <span class='ocrx_word' id='word_1_13' title='bbox 610 377 719 455; x_wconf 87' lang='lat' dir='ltr'><strong>partim</strong></span> <span class='ocrx_word' id='word_1_14' title='bbox 731 378 849 456; x_wconf 92' lang='lat' dir='ltr'><strong>opinari</strong></span> <span class='ocrx_word' id='word_1_15' title='bbox 860 381 969 457; x_wconf 88' lang='lat' dir='ltr'><strong>partim</strong></span> <span class='ocrx_word' id='word_1_16' title='bbox 982 397 1109 460; x_wconf 87' lang='lat' dir='ltr'><strong>sperare</strong></span> 
     </span>
     <span class='ocr_line' id='line_1_3' title="bbox 123 458 1108 542; baseline 0.004 -18"><span class='ocrx_word' id='word_1_17' title='bbox 123 477 265 540; x_wconf 87' lang='lat' dir='ltr'><strong>possum.</strong></span> <span class='ocrx_word' id='word_1_18' title='bbox 288 459 363 522; x_wconf 91' lang='lat' dir='ltr'><strong>illud</strong></span> <span class='ocrx_word' id='word_1_19' title='bbox 376 458 540 522; x_wconf 82' lang='lat' dir='ltr'><strong>adfirmare</strong></span> <span class='ocrx_word' id='word_1_20' title='bbox 554 477 611 536; x_wconf 92' lang='lat' dir='ltr'><strong>pro</strong></span> <span class='ocrx_word' id='word_1_21' title='bbox 630 468 713 523; x_wconf 88' lang='lat' dir='ltr'><strong>certo</strong></span> <span class='ocrx_word' id='word_1_22' title='bbox 733 461 834 526; x_wconf 89' lang='lat' dir='ltr'><strong>habeo</strong></span> <span class='ocrx_word' id='word_1_23' title='bbox 855 465 1033 542; x_wconf 89' lang='lat' dir='ltr'><strong>audeoque,</strong></span> <span class='ocrx_word' id='word_1_24' title='bbox 1058 479 1108 528; x_wconf 89' lang='lat' dir='ltr'><strong>mc</strong></span> 
     </span>
     <span class='ocr_line' id='line_1_4' title="bbox 123 543 1127 625; baseline 0.003 -17"><span class='ocrx_word' id='word_1_25' title='bbox 123 545 209 609; x_wconf 90' lang='lat' dir='ltr'><strong>omni</strong></span> <span class='ocrx_word' id='word_1_26' title='bbox 223 560 284 621; x_wconf 92' lang='lat' dir='ltr'><strong>ope</strong></span> <span class='ocrx_word' id='word_1_27' title='bbox 298 543 476 605; x_wconf 78' lang='lat' dir='ltr'>adnisurum</span> <span class='ocrx_word' id='word_1_28' title='bbox 490 558 577 618; x_wconf 87' lang='lat' dir='ltr'><strong>esse,</strong></span> <span class='ocrx_word' id='word_1_29' title='bbox 599 559 639 606; x_wconf 91' lang='lat' dir='ltr'><strong>ne</strong></span> <span class='ocrx_word' id='word_1_30' title='bbox 660 546 772 607; x_wconf 87' lang='lat' dir='ltr'><strong>trustra</strong></span> <span class='ocrx_word' id='word_1_31' title='bbox 792 562 850 609; x_wconf 87' lang='lat' dir='ltr'><strong>vos</strong></span> <span class='ocrx_word' id='word_1_32' title='bbox 870 547 951 610; x_wconf 90' lang='lat' dir='ltr'><strong>hanc</strong></span> <span class='ocrx_word' id='word_1_33' title='bbox 966 563 1053 625; x_wconf 90' lang='lat' dir='ltr'><strong>spem</strong></span> <span class='ocrx_word' id='word_1_34' title='bbox 1068 549 1108 611; x_wconf 89' lang='lat' dir='ltr'><strong>dc</strong></span> <span class='ocrx_word' id='word_1_35' title='bbox 1124 561 1127 566; x_wconf 88' lang='grc'><em>·</em></span> 
     </span>
     <span class='ocr_line' id='line_1_5' title="bbox 122 626 1107 706; baseline 0.006 -16"><span class='ocrx_word' id='word_1_36' title='bbox 122 645 175 692; x_wconf 80' lang='lat' dir='ltr'><strong>nne</strong></span> <span class='ocrx_word' id='word_1_37' title='bbox 201 627 414 704; x_wconf 76' lang='lat' dir='ltr'><strong>conceperitis.</strong></span> <span class='ocrx_word' id='word_1_38' title='bbox 450 642 531 702; x_wconf 86' lang='lat' dir='ltr'><strong>quaa</strong></span> <span class='ocrx_word' id='word_1_39' title='bbox 551 626 591 688; x_wconf 93' lang='lat' dir='ltr'><strong>ad</strong></span> <span class='ocrx_word' id='word_1_40' title='bbox 610 627 723 690; x_wconf 85' lang='lat' dir='ltr'><strong>beilum</strong></span> <span class='ocrx_word' id='word_1_41' title='bbox 744 645 825 706; x_wconf 89' lang='lat' dir='ltr'><strong>opus</strong></span> <span class='ocrx_word' id='word_1_42' title='bbox 846 636 918 693; x_wconf 92' lang='lat' dir='ltr'><strong>sunt</strong></span> <span class='ocrx_word' id='word_1_43' title='bbox 937 640 969 694; x_wconf 88' lang='lat' dir='ltr'><strong>et</strong></span> <span class='ocrx_word' id='word_1_44' title='bbox 981 639 1107 699; x_wconf 82' lang='lat' dir='ltr'><strong>senatus</strong></span> 
     </span>
     <span class='ocr_line' id='line_1_6' title="bbox 122 710 1106 792; baseline 0.003 -18"><span class='ocrx_word' id='word_1_45' title='bbox 122 710 270 786; x_wconf 76' lang='lat' dir='ltr'><strong>decrerit,</strong></span> <span class='ocrx_word' id='word_1_46' title='bbox 284 718 315 771; x_wconf 88' lang='lat' dir='ltr'><strong>et</strong></span> <span class='ocrx_word' id='word_1_47' title='bbox 328 710 473 788; x_wconf 89' lang='lat' dir='ltr'><strong>quoniam</strong></span> <span class='ocrx_word' id='word_1_48' title='bbox 487 711 642 790; x_wconf 83' lang='lat' dir='ltr'><strong>extemplo</strong></span> <span class='ocrx_word' id='word_1_49' title='bbox 654 712 810 788; x_wconf 86' lang='lat' dir='ltr'><strong>proficisci</strong></span> <span class='ocrx_word' id='word_1_50' title='bbox 822 713 924 790; x_wconf 89' lang='lat' dir='ltr'><strong>piacet</strong></span> <span class='ocrx_word' id='word_1_51' title='bbox 933 730 1036 792; x_wconf 89' lang='lat' dir='ltr'><strong>neque</strong></span> <span class='ocrx_word' id='word_1_52' title='bbox 1048 731 1106 792; x_wconf 90' lang='lat' dir='ltr'><strong>ego</strong></span> 
     </span>
     <span class='ocr_line' id='line_1_7' title="bbox 121 793 1108 875; baseline 0.004 -19"><span class='ocrx_word' id='word_1_53' title='bbox 121 797 155 856; x_wconf 90' lang='lat' dir='ltr'><strong>in</strong></span> <span class='ocrx_word' id='word_1_54' title='bbox 175 808 366 870; x_wconf 83' lang='lat' dir='ltr'><strong>morosum,</strong></span> <span class='ocrx_word' id='word_1_55' title='bbox 387 793 419 855; x_wconf 81' lang='lat'><strong>0.</strong></span> <span class='ocrx_word' id='word_1_56' title='bbox 440 793 573 857; x_wconf 83' lang='lat' dir='ltr'><strong>Licinius</strong></span> <span class='ocrx_word' id='word_1_57' title='bbox 594 797 728 871; x_wconf 81' lang='lat' dir='ltr'>collega,</span> <span class='ocrx_word' id='word_1_58' title='bbox 753 795 801 856; x_wconf 87' lang='lat' dir='ltr'><strong>vir</strong></span> <span class='ocrx_word' id='word_1_59' title='bbox 821 796 980 874; x_wconf 85' lang='lat' dir='ltr'><strong>egregius,</strong></span> <span class='ocrx_word' id='word_1_60' title='bbox 1008 813 1108 875; x_wconf 86' lang='lat' dir='ltr'><strong>aeque</strong></span> 
     </span>
     <span class='ocr_line' id='line_1_8' title="bbox 123 877 1106 955; baseline 0.001 -14"><span class='ocrx_word' id='word_1_61' title='bbox 123 879 217 941; x_wconf 85' lang='lat' dir='ltr'><strong>enixe</strong></span> <span class='ocrx_word' id='word_1_62' title='bbox 238 877 358 955; x_wconf 87' lang='lat' dir='ltr'><strong>parabit</strong></span> <span class='ocrx_word' id='word_1_63' title='bbox 377 891 414 938; x_wconf 91' lang='lat' dir='ltr'><strong>ac</strong></span> <span class='ocrx_word' id='word_1_64' title='bbox 437 878 465 940; x_wconf 91' lang='lat' dir='ltr'><strong>si</strong></span> <span class='ocrx_word' id='word_1_65' title='bbox 485 879 553 955; x_wconf 84' lang='lat' dir='ltr'><strong>ipse</strong></span> <span class='ocrx_word' id='word_1_66' title='bbox 573 879 604 939; x_wconf 95' lang='lat' dir='ltr'><strong>id</strong></span> <span class='ocrx_word' id='word_1_67' title='bbox 623 879 736 941; x_wconf 87' lang='lat' dir='ltr'><strong>bellurn</strong></span> <span class='ocrx_word' id='word_1_68' title='bbox 756 885 899 955; x_wconf 87' lang='lat' dir='ltr'><strong>gesturus</strong></span> <span class='ocrx_word' id='word_1_69' title='bbox 920 888 1013 942; x_wconf 88' lang='lat' dir='ltr'><strong>esset.</strong></span> <span class='ocrx_word' id='word_1_70' title='bbox 1048 897 1106 944; x_wconf 88' lang='lat' dir='ltr'><strong>vos</strong></span> 
     </span>
     <span class='ocr_line' id='line_1_9' title="bbox 123 961 1106 1040; baseline 0.003 -16"><span class='ocrx_word' id='word_1_71' title='bbox 123 977 207 1040; x_wconf 86' lang='lat' dir='ltr'><strong>quae</strong></span> <span class='ocrx_word' id='word_1_72' title='bbox 218 962 374 1037; x_wconf 77' lang='lat' dir='ltr'><strong>scripsero</strong></span> <span class='ocrx_word' id='word_1_73' title='bbox 386 963 506 1024; x_wconf 86' lang='lat' dir='ltr'><strong>senatui</strong></span> <span class='ocrx_word' id='word_1_74' title='bbox 519 961 666 1025; x_wconf 89' lang='lat' dir='ltr'><strong>autvobis</strong></span> <span class='ocrx_word' id='word_1_75' title='bbox 676 963 779 1026; x_wconf 76' lang='lat' dir='ltr'><strong>bobeta</strong></span> <span class='ocrx_word' id='word_1_76' title='bbox 784 980 844 1040; x_wconf 87' lang='lat' dir='ltr'><strong>pro</strong></span> <span class='ocrx_word' id='word_1_77' title='bbox 853 965 951 1028; x_wconf 69' lang='lat' dir='ltr'><strong>certes.</strong></span> <span class='ocrx_word' id='word_1_78' title='bbox 966 979 1106 1028; x_wconf 90' lang='lat' dir='ltr'><strong>rumores</strong></span> 
     </span>
     <span class='ocr_line' id='line_1_10' title="bbox 123 1043 1106 1122; baseline -0.001 -14"><span class='ocrx_word' id='word_1_79' title='bbox 123 1043 305 1108; x_wconf 71' lang='lat' dir='ltr'><strong>credulitate</strong></span> <span class='ocrx_word' id='word_1_80' title='bbox 318 1052 423 1107; x_wconf 89' lang='lat' dir='ltr'><strong>vestra</strong></span> <span class='ocrx_word' id='word_1_81' title='bbox 437 1063 476 1108; x_wconf 90' lang='lat' dir='ltr'><strong>ne</strong></span> <span class='ocrx_word' id='word_1_82' title='bbox 490 1046 586 1120; x_wconf 81' lang='lat' dir='ltr'><strong>aistis,</strong></span> <span class='ocrx_word' id='word_1_83' title='bbox 603 1051 851 1122; x_wconf 71' lang='lat' dir='ltr'><strong>quorum&#39;auctor</strong></span> <span class='ocrx_word' id='word_1_84' title='bbox 862 1063 951 1110; x_wconf 90' lang='lat' dir='ltr'><strong>nemo</strong></span> <span class='ocrx_word' id='word_1_85' title='bbox 963 1047 1106 1111; x_wconf 86' lang='lat' dir='ltr'><strong>exstabit.</strong></span> 
     </span>
     <span class='ocr_line' id='line_1_11' title="bbox 124 1128 1105 1209; baseline 0.001 -17"><span class='ocrx_word' id='word_1_86' title='bbox 124 1143 197 1192; x_wconf 87' lang='lat' dir='ltr'><strong>nam</strong></span> <span class='ocrx_word' id='word_1_87' title='bbox 211 1143 293 1191; x_wconf 88' lang='lat' dir='ltr'><strong>nune</strong></span> <span class='ocrx_word' id='word_1_88' title='bbox 308 1128 432 1206; x_wconf 89' lang='lat' dir='ltr'><strong>quidem</strong></span> <span class='ocrx_word' id='word_1_89' title='bbox 448 1129 534 1206; x_wconf 89' lang='lat' dir='ltr'><strong>quod</strong></span> <span class='ocrx_word' id='word_1_90' title='bbox 546 1130 639 1206; x_wconf 87' lang='lat' dir='ltr'><strong>vulgo</strong></span> <span class='ocrx_word' id='word_1_91' title='bbox 655 1130 737 1208; x_wconf 84' lang='lat' dir='ltr'><strong>deri,</strong></span> <span class='ocrx_word' id='word_1_92' title='bbox 757 1130 817 1192; x_wconf 91' lang='lat' dir='ltr'><strong>hnc</strong></span> <span class='ocrx_word' id='word_1_93' title='bbox 833 1131 1001 1209; x_wconf 83' lang='lat' dir='ltr'><strong>praecipue</strong></span> <span class='ocrx_word' id='word_1_94' title='bbox 1013 1132 1105 1208; x_wconf 90' lang='lat' dir='ltr'><strong>bello,</strong></span> 
     </span>
     <span class='ocr_line' id='line_1_12' title="bbox 124 1211 1106 1290; baseline 0.004 -16"><span class='ocrx_word' id='word_1_95' title='bbox 124 1211 335 1289; x_wconf 88' lang='lat' dir='ltr'><strong>animadverti,</strong></span> <span class='ocrx_word' id='word_1_96' title='bbox 350 1227 441 1274; x_wconf 89' lang='lat' dir='ltr'><strong>namo</strong></span> <span class='ocrx_word' id='word_1_97' title='bbox 456 1221 517 1277; x_wconf 87' lang='lat' dir='ltr'><strong>tam</strong></span> <span class='ocrx_word' id='word_1_98' title='bbox 531 1213 631 1275; x_wconf 81' lang='lat' dir='ltr'><strong>ismae</strong></span> <span class='ocrx_word' id='word_1_99' title='bbox 646 1220 838 1290; x_wconf 83' lang='lat' dir='ltr'><strong>contemptor</strong></span> <span class='ocrx_word' id='word_1_100' title='bbox 856 1221 919 1290; x_wconf 91' lang='lat' dir='ltr'><strong>est,</strong></span> <span class='ocrx_word' id='word_1_101' title='bbox 941 1214 1028 1277; x_wconf 89' lang='lat' dir='ltr'><strong>cuius</strong></span> <span class='ocrx_word' id='word_1_102' title='bbox 1044 1231 1106 1278; x_wconf 92' lang='lat' dir='ltr'><strong>non</strong></span> 
     </span>
     <span class='ocr_line' id='line_1_13' title="bbox 125 1294 1106 1374; baseline 0.002 -16"><span class='ocrx_word' id='word_1_103' title='bbox 125 1294 274 1358; x_wconf 83' lang='lat' dir='ltr'><strong>debilitari</strong></span> <span class='ocrx_word' id='word_1_104' title='bbox 289 1296 409 1358; x_wconf 87' lang='lat' dir='ltr'><strong>animus</strong></span> <span class='ocrx_word' id='word_1_105' title='bbox 423 1297 531 1374; x_wconf 89' lang='lat' dir='ltr'><strong>possit.</strong></span> <span class='ocrx_word' id='word_1_106' title='bbox 554 1297 585 1358; x_wconf 94' lang='lat' dir='ltr'><strong>in</strong></span> <span class='ocrx_word' id='word_1_107' title='bbox 597 1297 738 1360; x_wconf 89' lang='lat' dir='ltr'><strong>omnibus</strong></span> <span class='ocrx_word' id='word_1_108' title='bbox 751 1298 882 1373; x_wconf 89' lang='lat' dir='ltr'><strong>circulis,</strong></span> <span class='ocrx_word' id='word_1_109' title='bbox 898 1303 992 1374; x_wconf 89' lang='lat' dir='ltr'><strong>atque</strong></span> <span class='ocrx_word' id='word_1_110' title='bbox 1006 1299 1106 1373; x_wconf 78' lang='lat' dir='ltr'><strong>edam,</strong></span> 
     </span>
    </p>

    <p class='ocr_par' dir='ltr' id='par_1_3' title="bbox 105 1378 1132 3544">
     <span class='ocr_line' id='line_1_14' title="bbox 105 1378 1107 1457; baseline 0.001 -16"><span class='ocrx_word' id='word_1_111' title='bbox 105 1397 108 1402; x_wconf 93' lang='lat'>·</span> <span class='ocrx_word' id='word_1_112' title='bbox 123 1379 152 1441; x_wconf 89' lang='lat' dir='ltr'><strong>si</strong></span> <span class='ocrx_word' id='word_1_113' title='bbox 173 1378 233 1442; x_wconf 87' lang='lat' dir='ltr'><strong>diis</strong></span> <span class='ocrx_word' id='word_1_114' title='bbox 247 1381 362 1457; x_wconf 87' lang='lat' dir='ltr'><strong>placet,</strong></span> <span class='ocrx_word' id='word_1_115' title='bbox 383 1381 414 1442; x_wconf 91' lang='lat' dir='ltr'><strong>in</strong></span> <span class='ocrx_word' id='word_1_116' title='bbox 435 1378 585 1443; x_wconf 76' lang='lat' dir='ltr'><strong>cornuis</strong></span> <span class='ocrx_word' id='word_1_117' title='bbox 599 1386 671 1442; x_wconf 91' lang='lat' dir='ltr'><strong>sunt</strong></span> <span class='ocrx_word' id='word_1_118' title='bbox 685 1381 738 1457; x_wconf 89' lang='lat' dir='ltr'><strong>qui</strong></span> <span class='ocrx_word' id='word_1_119' title='bbox 752 1381 905 1443; x_wconf 86' lang='lat' dir='ltr'><strong>exercitus</strong></span> <span class='ocrx_word' id='word_1_120' title='bbox 918 1381 949 1442; x_wconf 92' lang='lat' dir='ltr'><strong>in</strong></span> <span class='ocrx_word' id='word_1_121' title='bbox 962 1380 1107 1443; x_wconf 86' lang='lat' dir='ltr'><strong>Macedo-</strong></span> 
     </span>
     <span class='ocr_line' id='line_1_15' title="bbox 122 1461 1106 1541; baseline 0.003 -16"><span class='ocrx_word' id='word_1_122' title='bbox 122 1463 206 1526; x_wconf 88' lang='lat' dir='ltr'><strong>niam</strong></span> <span class='ocrx_word' id='word_1_123' title='bbox 227 1464 354 1538; x_wconf 89' lang='lat' dir='ltr'><strong>ducant,</strong></span> <span class='ocrx_word' id='word_1_124' title='bbox 379 1463 432 1525; x_wconf 91' lang='lat' dir='ltr'><strong>ubi</strong></span> <span class='ocrx_word' id='word_1_125' title='bbox 453 1471 553 1526; x_wconf 88' lang='lat' dir='ltr'><strong>castra</strong></span> <span class='ocrx_word' id='word_1_126' title='bbox 572 1462 704 1525; x_wconf 90' lang='lat' dir='ltr'><strong>locanda</strong></span> <span class='ocrx_word' id='word_1_127' title='bbox 720 1461 782 1526; x_wconf 91' lang='lat' dir='ltr'><strong>sint</strong></span> <span class='ocrx_word' id='word_1_128' title='bbox 796 1465 907 1539; x_wconf 87' lang='lat' dir='ltr'><strong>sciant,</strong></span> <span class='ocrx_word' id='word_1_129' title='bbox 933 1479 1013 1541; x_wconf 91' lang='lat' dir='ltr'><strong>quae</strong></span> <span class='ocrx_word' id='word_1_130' title='bbox 1037 1465 1106 1528; x_wconf 88' lang='lat' dir='ltr'><strong>loca</strong></span> 
     </span>
     <span class='ocr_line' id='line_1_16' title="bbox 122 1545 1132 1626; baseline 0.006 -21"><span class='ocrx_word' id='word_1_131' title='bbox 122 1545 291 1626; x_wconf 90' lang='lat' dir='ltr'><strong>praesidiis</strong></span> <span class='ocrx_word' id='word_1_132' title='bbox 306 1547 496 1626; x_wconf 86' lang='lat' dir='ltr'><strong>occupanda,</strong></span> <span class='ocrx_word' id='word_1_133' title='bbox 511 1547 636 1624; x_wconf 90' lang='lat' dir='ltr'><strong>quando</strong></span> <span class='ocrx_word' id='word_1_134' title='bbox 651 1551 703 1609; x_wconf 85' lang='lat' dir='ltr'><strong>aut</strong></span> <span class='ocrx_word' id='word_1_135' title='bbox 717 1563 779 1624; x_wconf 88' lang='lat' dir='ltr'><strong>quo</strong></span> <span class='ocrx_word' id='word_1_136' title='bbox 794 1549 874 1609; x_wconf 85' lang='lat' dir='ltr'><strong>saltu</strong></span> <span class='ocrx_word' id='word_1_137' title='bbox 888 1546 1029 1610; x_wconf 87' lang='lat' dir='ltr'><strong>intranda</strong></span> <span class='ocrx_word' id='word_1_138' title='bbox 1041 1547 1106 1610; x_wconf 88' lang='lat' dir='ltr'><strong>Ma·</strong></span> <span class='ocrx_word' id='word_1_139' title='bbox 1131 1573 1132 1576; x_wconf 40' lang='lat'>¹</span> 
     </span>
     <span class='ocr_line' id='line_1_17' title="bbox 123 1629 1107 1709; baseline 0.001 -17"><span class='ocrx_word' id='word_1_140' title='bbox 123 1630 265 1707; x_wconf 82' lang='lat' dir='ltr'><strong>cadonio,</strong></span> <span class='ocrx_word' id='word_1_141' title='bbox 279 1631 331 1692; x_wconf 90' lang='lat' dir='ltr'><strong>ubi</strong></span> <span class='ocrx_word' id='word_1_142' title='bbox 344 1630 456 1695; x_wconf 87' lang='lat' dir='ltr'><strong>horrea</strong></span> <span class='ocrx_word' id='word_1_143' title='bbox 470 1630 624 1709; x_wconf 89' lang='lat' dir='ltr'><strong>ponenda,</strong></span> <span class='ocrx_word' id='word_1_144' title='bbox 637 1647 699 1707; x_wconf 88' lang='lat' dir='ltr'><strong>qua</strong></span> <span class='ocrx_word' id='word_1_145' title='bbox 712 1637 794 1692; x_wconf 86' lang='lat' dir='ltr'><strong>terra</strong></span> <span class='ocrx_word' id='word_1_146' title='bbox 806 1631 882 1692; x_wconf 88' lang='lat' dir='ltr'><strong>mari</strong></span> <span class='ocrx_word' id='word_1_147' title='bbox 896 1629 1107 1693; x_wconf 84' lang='lat' dir='ltr'><strong>subvehantur</strong></span> 
     </span>
     <span class='ocr_line' id='line_1_18' title="bbox 123 1714 1105 1792; baseline 0.001 -17"><span class='ocrx_word' id='word_1_148' title='bbox 123 1721 323 1790; x_wconf 85' lang='lat' dir='ltr'><strong>commeatus,</strong></span> <span class='ocrx_word' id='word_1_149' title='bbox 334 1714 458 1792; x_wconf 90' lang='lat' dir='ltr'><strong>quaudo</strong></span> <span class='ocrx_word' id='word_1_150' title='bbox 467 1731 535 1777; x_wconf 90' lang='lat' dir='ltr'><strong>cum</strong></span> <span class='ocrx_word' id='word_1_151' title='bbox 547 1715 638 1778; x_wconf 90' lang='lat' dir='ltr'><strong>hoste</strong></span> <span class='ocrx_word' id='word_1_152' title='bbox 647 1729 757 1777; x_wconf 89' lang='lat' dir='ltr'><strong>manus</strong></span> <span class='ocrx_word' id='word_1_153' title='bbox 771 1714 991 1791; x_wconf 78' lang='lat' dir='ltr'><strong>conserendae,</strong></span> <span class='ocrx_word' id='word_1_154' title='bbox 1008 1731 1105 1792; x_wconf 90' lang='lat' dir='ltr'><strong>quan·</strong></span> 
     </span>
     <span class='ocr_line' id='line_1_19' title="bbox 123 1797 1105 1875; baseline 0.002 -17"><span class='ocrx_word' id='word_1_155' title='bbox 123 1797 166 1859; x_wconf 91' lang='lat' dir='ltr'><strong>do</strong></span> <span class='ocrx_word' id='word_1_156' title='bbox 183 1798 309 1874; x_wconf 84' lang='lat' dir='ltr'><strong>quiesse</strong></span> <span class='ocrx_word' id='word_1_157' title='bbox 322 1800 363 1860; x_wconf 90' lang='lat' dir='ltr'><strong>sit</strong></span> <span class='ocrx_word' id='word_1_158' title='bbox 375 1799 493 1860; x_wconf 82' lang='lat' dir='ltr'><strong>mebus.</strong></span> <span class='ocrx_word' id='word_1_159' title='bbox 525 1814 584 1861; x_wconf 88' lang='lat' dir='ltr'><strong>nec</strong></span> <span class='ocrx_word' id='word_1_160' title='bbox 600 1799 674 1875; x_wconf 90' lang='lat' dir='ltr'><strong>quid</strong></span> <span class='ocrx_word' id='word_1_161' title='bbox 688 1798 861 1861; x_wconf 87' lang='lat' dir='ltr'><strong>iaciendum</strong></span> <span class='ocrx_word' id='word_1_162' title='bbox 881 1798 921 1861; x_wconf 90' lang='lat' dir='ltr'><strong>sit</strong></span> <span class='ocrx_word' id='word_1_163' title='bbox 934 1799 1027 1859; x_wconf 92' lang='lat' dir='ltr'><strong>modo</strong></span> <span class='ocrx_word' id='word_1_164' title='bbox 1043 1805 1105 1860; x_wconf 88' lang='lat' dir='ltr'><strong>sta·</strong></span> 
     </span>
     <span class='ocr_line' id='line_1_20' title="bbox 124 1879 1105 1960; baseline 0 -18"><span class='ocrx_word' id='word_1_165' title='bbox 124 1887 222 1956; x_wconf 83' lang='lat' dir='ltr'><strong>tunnt,</strong></span> <span class='ocrx_word' id='word_1_166' title='bbox 237 1882 294 1945; x_wconf 88' lang='lat' dir='ltr'><strong>sed</strong></span> <span class='ocrx_word' id='word_1_167' title='bbox 309 1881 458 1959; x_wconf 87' lang='lat' dir='ltr'><strong>quidquid</strong></span> <span class='ocrx_word' id='word_1_168' title='bbox 473 1882 559 1945; x_wconf 91' lang='lat' dir='ltr'><strong>aliter</strong></span> <span class='ocrx_word' id='word_1_169' title='bbox 574 1898 666 1960; x_wconf 85' lang='lat' dir='ltr'><strong>quam</strong></span> <span class='ocrx_word' id='word_1_170' title='bbox 679 1879 740 1958; x_wconf 91' lang='lat' dir='ltr'><strong>ipsi</strong></span> <span class='ocrx_word' id='word_1_171' title='bbox 755 1896 906 1944; x_wconf 90' lang='lat' dir='ltr'><strong>censuere</strong></span> <span class='ocrx_word' id='word_1_172' title='bbox 920 1882 1032 1944; x_wconf 89' lang='lat' dir='ltr'><strong>iactum</strong></span> <span class='ocrx_word' id='word_1_173' title='bbox 1048 1889 1105 1958; x_wconf 88' lang='lat' dir='ltr'><strong>est,</strong></span> 
     </span>
     <span class='ocr_line' id='line_1_21' title="bbox 124 1965 1105 2046; baseline 0.002 -22"><span class='ocrx_word' id='word_1_174' title='bbox 124 1966 284 2026; x_wconf 89' lang='lat' dir='ltr'><strong>consulem</strong></span> <span class='ocrx_word' id='word_1_175' title='bbox 298 1965 392 2028; x_wconf 87' lang='lat' dir='ltr'><strong>veluti</strong></span> <span class='ocrx_word' id='word_1_176' title='bbox 407 1966 487 2028; x_wconf 87' lang='lat' dir='ltr'><strong>dicta</strong></span> <span class='ocrx_word' id='word_1_177' title='bbox 502 1967 552 2028; x_wconf 93' lang='lat' dir='ltr'><strong>die</strong></span> <span class='ocrx_word' id='word_1_178' title='bbox 566 1971 722 2028; x_wconf 89' lang='lat' dir='ltr'><strong>accusant.</strong></span> <span class='ocrx_word' id='word_1_179' title='bbox 753 1965 832 2026; x_wconf 90' lang='lat' dir='ltr'><strong>haec</strong></span> <span class='ocrx_word' id='word_1_180' title='bbox 851 1981 963 2046; x_wconf 89' lang='lat' dir='ltr'><strong>magna</strong></span> <span class='ocrx_word' id='word_1_181' title='bbox 978 1965 1105 2042; x_wconf 89' lang='lat' dir='ltr'><strong>impedi·</strong></span> 
     </span>
     <span class='ocr_line' id='line_1_22' title="bbox 122 2048 1105 2126; baseline 0.001 -18"><span class='ocrx_word' id='word_1_182' title='bbox 122 2055 227 2109; x_wconf 88' lang='lat' dir='ltr'><strong>menta</strong></span> <span class='ocrx_word' id='word_1_183' title='bbox 239 2063 290 2110; x_wconf 89' lang='lat' dir='ltr'><strong>ros</strong></span> <span class='ocrx_word' id='word_1_184' title='bbox 305 2049 481 2124; x_wconf 76' lang='lat' dir='ltr'><strong>gerentibus</strong></span> <span class='ocrx_word' id='word_1_185' title='bbox 495 2057 580 2111; x_wconf 76' lang='lat' dir='ltr'><strong>sunt:</strong></span> <span class='ocrx_word' id='word_1_186' title='bbox 605 2063 706 2126; x_wconf 88' lang='lat' dir='ltr'><strong>neque</strong></span> <span class='ocrx_word' id='word_1_187' title='bbox 726 2049 807 2110; x_wconf 88' lang='lat' dir='ltr'><strong>enirn</strong></span> <span class='ocrx_word' id='word_1_188' title='bbox 827 2063 935 2111; x_wconf 90' lang='lat' dir='ltr'><strong>omues</strong></span> <span class='ocrx_word' id='word_1_189' title='bbox 951 2056 1014 2110; x_wconf 88' lang='lat' dir='ltr'><strong>tam</strong></span> <span class='ocrx_word' id='word_1_190' title='bbox 1028 2048 1105 2110; x_wconf 85' lang='lat' dir='ltr'><strong>firmi</strong></span> 
     </span>
     <span class='ocr_line' id='line_1_23' title="bbox 123 2133 1105 2208; baseline 0.001 -16"><span class='ocrx_word' id='word_1_191' title='bbox 123 2137 157 2192; x_wconf 86' lang='lat' dir='ltr'><strong>ot</strong></span> <span class='ocrx_word' id='word_1_192' title='bbox 169 2133 337 2194; x_wconf 80' lang='lat' dir='ltr'><strong>constantis</strong></span> <span class='ocrx_word' id='word_1_193' title='bbox 352 2133 443 2194; x_wconf 91' lang='lat' dir='ltr'><strong>animi</strong></span> <span class='ocrx_word' id='word_1_194' title='bbox 459 2140 565 2195; x_wconf 88' lang='lat' dir='ltr'><strong>contra</strong></span> <span class='ocrx_word' id='word_1_195' title='bbox 579 2133 746 2194; x_wconf 88' lang='lat' dir='ltr'><strong>adversum</strong></span> <span class='ocrx_word' id='word_1_196' title='bbox 765 2144 919 2194; x_wconf 85' lang='lat' dir='ltr'><strong>rumorem</strong></span> <span class='ocrx_word' id='word_1_197' title='bbox 939 2147 1011 2193; x_wconf 89' lang='lat' dir='ltr'><strong>esse</strong></span> <span class='ocrx_word' id='word_1_198' title='bbox 1031 2148 1105 2208; x_wconf 90' lang='lat' dir='ltr'><strong>pos·</strong></span> 
     </span>
     <span class='ocr_line' id='line_1_24' title="bbox 124 2213 1107 2292; baseline -0.002 -16"><span class='ocrx_word' id='word_1_199' title='bbox 124 2223 210 2290; x_wconf 88' lang='lat' dir='ltr'><strong>sunt,</strong></span> <span class='ocrx_word' id='word_1_200' title='bbox 233 2230 324 2292; x_wconf 89' lang='lat' dir='ltr'><strong>quarn</strong></span> <span class='ocrx_word' id='word_1_201' title='bbox 343 2216 456 2277; x_wconf 81' lang='lat' dir='ltr'><strong>Fabius</strong></span> <span class='ocrx_word' id='word_1_202' title='bbox 478 2217 548 2291; x_wconf 85' lang='lat' dir='ltr'><strong>fuit,</strong></span> <span class='ocrx_word' id='word_1_203' title='bbox 574 2215 627 2292; x_wconf 88' lang='lat' dir='ltr'><strong>qui</strong></span> <span class='ocrx_word' id='word_1_204' title='bbox 645 2229 734 2276; x_wconf 90' lang='lat' dir='ltr'><strong>suum</strong></span> <span class='ocrx_word' id='word_1_205' title='bbox 755 2213 915 2291; x_wconf 88' lang='lat' dir='ltr'><strong>imperium</strong></span> <span class='ocrx_word' id='word_1_206' title='bbox 931 2214 1026 2276; x_wconf 89' lang='lat' dir='ltr'><strong>minui</strong></span> <span class='ocrx_word' id='word_1_207' title='bbox 1050 2229 1107 2291; x_wconf 91' lang='lat' dir='ltr'><strong>per</strong></span> 
     </span>
     <span class='ocr_line' id='line_1_25' title="bbox 122 2298 1106 2376; baseline 0.002 -18"><span class='ocrx_word' id='word_1_208' title='bbox 122 2298 287 2360; x_wconf 88' lang='lat' dir='ltr'><strong>vanitatem</strong></span> <span class='ocrx_word' id='word_1_209' title='bbox 308 2299 414 2376; x_wconf 89' lang='lat' dir='ltr'><strong>populi</strong></span> <span class='ocrx_word' id='word_1_210' title='bbox 436 2299 540 2361; x_wconf 91' lang='lat' dir='ltr'><strong>maluit</strong></span> <span class='ocrx_word' id='word_1_211' title='bbox 559 2313 652 2374; x_wconf 88' lang='lat' dir='ltr'><strong>quam</strong></span> <span class='ocrx_word' id='word_1_212' title='bbox 672 2298 809 2359; x_wconf 88' lang='lat' dir='ltr'><strong>secunda</strong></span> <span class='ocrx_word' id='word_1_213' title='bbox 833 2299 914 2358; x_wconf 81' lang='lat' dir='ltr'><strong>fama</strong></span> <span class='ocrx_word' id='word_1_214' title='bbox 938 2299 1017 2360; x_wconf 91' lang='lat' dir='ltr'><strong>male</strong></span> <span class='ocrx_word' id='word_1_215' title='bbox 1041 2313 1106 2360; x_wconf 88' lang='lat' dir='ltr'><strong>rem</strong></span> 
     </span>
     <span class='ocr_line' id='line_1_26' title="bbox 124 2381 1105 2458; baseline -0.001 -15"><span class='ocrx_word' id='word_1_216' title='bbox 124 2381 278 2458; x_wconf 88' lang='lat' dir='ltr'><strong>publicam</strong></span> <span class='ocrx_word' id='word_1_217' title='bbox 293 2398 409 2458; x_wconf 89' lang='lat' dir='ltr'><strong>gerere.</strong></span> <span class='ocrx_word' id='word_1_218' title='bbox 445 2399 508 2444; x_wconf 92' lang='lat' dir='ltr'><strong>non</strong></span> <span class='ocrx_word' id='word_1_219' title='bbox 523 2381 649 2457; x_wconf 89' lang='lat' dir='ltr'><strong>sumis,</strong></span> <span class='ocrx_word' id='word_1_220' title='bbox 671 2384 799 2456; x_wconf 88' lang='lat' dir='ltr'><strong>quinon</strong></span> <span class='ocrx_word' id='word_1_221' title='bbox 814 2381 984 2443; x_wconf 72' lang='lat' dir='ltr'><strong>existimem</strong></span> <span class='ocrx_word' id='word_1_222' title='bbox 999 2381 1105 2442; x_wconf 91' lang='lat' dir='ltr'><strong>admo·</strong></span> 
     </span>
     <span class='ocr_line' id='line_1_27' title="bbox 124 2462 1107 2542; baseline -0.001 -15"><span class='ocrx_word' id='word_1_223' title='bbox 124 2465 245 2527; x_wconf 85' lang='lat' dir='ltr'><strong>nendos</strong></span> <span class='ocrx_word' id='word_1_224' title='bbox 256 2465 353 2528; x_wconf 88' lang='lat' dir='ltr'><strong>duces</strong></span> <span class='ocrx_word' id='word_1_225' title='bbox 365 2482 452 2528; x_wconf 69' lang='lat' dir='ltr'><strong>assez</strong></span> <span class='ocrx_word' id='word_1_226' title='bbox 467 2467 558 2528; x_wconf 89' lang='lat' dir='ltr'><strong>immo</strong></span> <span class='ocrx_word' id='word_1_227' title='bbox 570 2481 648 2540; x_wconf 90' lang='lat' dir='ltr'><strong>eurn,</strong></span> <span class='ocrx_word' id='word_1_228' title='bbox 665 2462 718 2542; x_wconf 90' lang='lat' dir='ltr'><strong>qui</strong></span> <span class='ocrx_word' id='word_1_229' title='bbox 729 2464 769 2526; x_wconf 92' lang='lat' dir='ltr'><strong>de</strong></span> <span class='ocrx_word' id='word_1_230' title='bbox 784 2481 843 2528; x_wconf 90' lang='lat' dir='ltr'><strong>sua</strong></span> <span class='ocrx_word' id='word_1_231' title='bbox 852 2465 943 2528; x_wconf 88' lang='lat' dir='ltr'><strong>unius</strong></span> <span class='ocrx_word' id='word_1_232' title='bbox 955 2465 1107 2528; x_wconf 87' lang='lat' dir='ltr'><strong>sententia</strong></span> 
     </span>
     <span class='ocr_line' id='line_1_28' title="bbox 123 2548 1105 2626; baseline -0.004 -15"><span class='ocrx_word' id='word_1_233' title='bbox 123 2549 227 2611; x_wconf 90' lang='lat' dir='ltr'><strong>omnia</strong></span> <span class='ocrx_word' id='word_1_234' title='bbox 246 2557 345 2624; x_wconf 82' lang='lat' dir='ltr'><strong>gerat,</strong></span> <span class='ocrx_word' id='word_1_235' title='bbox 372 2549 539 2626; x_wconf 86' lang='lat' dir='ltr'><strong>superbum</strong></span> <span class='ocrx_word' id='word_1_236' title='bbox 566 2549 668 2611; x_wconf 90' lang='lat' dir='ltr'><strong>iudico</strong></span> <span class='ocrx_word' id='word_1_237' title='bbox 693 2549 790 2624; x_wconf 83' lang='lat' dir='ltr'><strong>magis</strong></span> <span class='ocrx_word' id='word_1_238' title='bbox 813 2565 905 2626; x_wconf 88' lang='lat' dir='ltr'><strong>quam</strong></span> <span class='ocrx_word' id='word_1_239' title='bbox 926 2548 1105 2626; x_wconf 85' lang='lat' dir='ltr'><strong>sapientem.</strong></span> 
     </span>
     <span class='ocr_line' id='line_1_29' title="bbox 125 2631 1106 2710; baseline -0.002 -15"><span class='ocrx_word' id='word_1_240' title='bbox 125 2632 201 2709; x_wconf 91' lang='lat' dir='ltr'><strong>quid</strong></span> <span class='ocrx_word' id='word_1_241' title='bbox 215 2647 290 2708; x_wconf 87' lang='lat' dir='ltr'><strong>ergo</strong></span> <span class='ocrx_word' id='word_1_242' title='bbox 304 2639 374 2695; x_wconf 73' lang='lat' dir='ltr'><strong>esti</strong></span> <span class='ocrx_word' id='word_1_243' title='bbox 409 2631 541 2710; x_wconf 87' lang='lat' dir='ltr'><strong>primum</strong></span> <span class='ocrx_word' id='word_1_244' title='bbox 555 2648 575 2693; x_wconf 89' lang='lat' dir='ltr'><strong>a</strong></span> <span class='ocrx_word' id='word_1_245' title='bbox 589 2633 791 2710; x_wconf 90' lang='lat' dir='ltr'><strong>prudentibus</strong></span> <span class='ocrx_word' id='word_1_246' title='bbox 808 2641 838 2695; x_wconf 88' lang='lat' dir='ltr'><strong>et</strong></span> <span class='ocrx_word' id='word_1_247' title='bbox 852 2631 978 2710; x_wconf 89' lang='lat' dir='ltr'><strong>proprie</strong></span> <span class='ocrx_word' id='word_1_248' title='bbox 990 2633 1036 2694; x_wconf 84' lang='lat' dir='ltr'><strong>rei</strong></span> <span class='ocrx_word' id='word_1_249' title='bbox 1051 2633 1106 2693; x_wconf 90' lang='lat' dir='ltr'><strong>mi·</strong></span> 
     </span>
     <span class='ocr_line' id='line_1_30' title="bbox 123 2715 1104 2793; baseline 0.001 -17"><span class='ocrx_word' id='word_1_250' title='bbox 123 2715 219 2776; x_wconf 84' lang='lat' dir='ltr'><strong>litaris</strong></span> <span class='ocrx_word' id='word_1_251' title='bbox 245 2715 351 2791; x_wconf 90' lang='lat' dir='ltr'><strong>peritis</strong></span> <span class='ocrx_word' id='word_1_252' title='bbox 377 2726 406 2778; x_wconf 91' lang='lat' dir='ltr'><strong>et</strong></span> <span class='ocrx_word' id='word_1_253' title='bbox 426 2733 487 2779; x_wconf 90' lang='lat' dir='ltr'><strong>usu</strong></span> <span class='ocrx_word' id='word_1_254' title='bbox 507 2716 606 2778; x_wconf 88' lang='lat' dir='ltr'><strong>doctis</strong></span> <span class='ocrx_word' id='word_1_255' title='bbox 627 2717 771 2778; x_wconf 90' lang='lat' dir='ltr'><strong>monendi</strong></span> <span class='ocrx_word' id='word_1_256' title='bbox 792 2715 994 2793; x_wconf 88' lang='lat' dir='ltr'><strong>imperatores</strong></span> <span class='ocrx_word' id='word_1_257' title='bbox 1017 2723 1104 2785; x_wconf 84' lang='lat' dir='ltr'><strong>sunt;</strong></span> 
     </span>
     <span class='ocr_line' id='line_1_31' title="bbox 123 2797 1105 2877; baseline -0.002 -18"><span class='ocrx_word' id='word_1_258' title='bbox 123 2798 236 2861; x_wconf 87' lang='lat' dir='ltr'><strong>deinde</strong></span> <span class='ocrx_word' id='word_1_259' title='bbox 251 2797 290 2859; x_wconf 88' lang='lat' dir='ltr'><strong>ab</strong></span> <span class='ocrx_word' id='word_1_260' title='bbox 303 2799 351 2861; x_wconf 92' lang='lat' dir='ltr'><strong>his</strong></span> <span class='ocrx_word' id='word_1_261' title='bbox 366 2801 419 2877; x_wconf 90' lang='lat' dir='ltr'><strong>qui</strong></span> <span class='ocrx_word' id='word_1_262' title='bbox 433 2801 584 2869; x_wconf 84' lang='lat' dir='ltr'><strong>intersunt</strong></span> <span class='ocrx_word' id='word_1_263' title='bbox 597 2799 740 2876; x_wconf 81' lang='lat' dir='ltr'><strong>gerendis</strong></span> <span class='ocrx_word' id='word_1_264' title='bbox 755 2797 795 2838; x_wconf 83' lang='lat'><strong>**</strong></span> <span class='ocrx_word' id='word_1_265' title='bbox 811 2802 891 2875; x_wconf 88' lang='lat' dir='ltr'><strong>loco,</strong></span> <span class='ocrx_word' id='word_1_266' title='bbox 908 2801 960 2876; x_wconf 92' lang='lat' dir='ltr'><strong>qui</strong></span> <span class='ocrx_word' id='word_1_267' title='bbox 973 2799 1105 2873; x_wconf 91' lang='lat' dir='ltr'><strong>hostem,</strong></span> 
     </span>
     <span class='ocr_line' id='line_1_32' title="bbox 124 2880 1107 2962; baseline 0 -18"><span class='ocrx_word' id='word_1_268' title='bbox 124 2880 177 2960; x_wconf 89' lang='lat' dir='ltr'><strong>qui</strong></span> <span class='ocrx_word' id='word_1_269' title='bbox 193 2889 364 2960; x_wconf 86' lang='lat' dir='ltr'><strong>temporum</strong></span> <span class='ocrx_word' id='word_1_270' title='bbox 379 2883 636 2962; x_wconf 88' lang='lat' dir='ltr'><strong>opportunitatem</strong></span> <span class='ocrx_word' id='word_1_271' title='bbox 649 2884 763 2958; x_wconf 89' lang='lat' dir='ltr'><strong>vident,</strong></span> <span class='ocrx_word' id='word_1_272' title='bbox 785 2883 883 2960; x_wconf 90' lang='lat' dir='ltr'><strong>quiin</strong></span> <span class='ocrx_word' id='word_1_273' title='bbox 898 2883 1009 2944; x_wconf 89' lang='lat' dir='ltr'><strong>eodem</strong></span> <span class='ocrx_word' id='word_1_274' title='bbox 1022 2881 1107 2944; x_wconf 84' lang='lat' dir='ltr'><strong>velut</strong></span> 
     </span>
     <span class='ocr_line' id='line_1_33' title="bbox 122 2964 1105 3045; baseline 0 -19"><span class='ocrx_word' id='word_1_275' title='bbox 122 2964 246 3042; x_wconf 84' lang='lat' dir='ltr'><strong>navigio</strong></span> <span class='ocrx_word' id='word_1_276' title='bbox 260 2967 427 3045; x_wconf 88' lang='lat' dir='ltr'><strong>participes</strong></span> <span class='ocrx_word' id='word_1_277' title='bbox 442 2973 513 3030; x_wconf 89' lang='lat' dir='ltr'><strong>sunt</strong></span> <span class='ocrx_word' id='word_1_278' title='bbox 526 2966 663 3045; x_wconf 86' lang='lat' dir='ltr'><strong>periculi.</strong></span> <span class='ocrx_word' id='word_1_279' title='bbox 698 2968 803 3044; x_wconf 84' lang='lat' dir='ltr'><strong>itaque</strong></span> <span class='ocrx_word' id='word_1_280' title='bbox 825 2965 853 3028; x_wconf 89' lang='lat' dir='ltr'><strong>si</strong></span> <span class='ocrx_word' id='word_1_281' title='bbox 875 2967 944 3043; x_wconf 87' lang='lat' dir='ltr'><strong>quis</strong></span> <span class='ocrx_word' id='word_1_282' title='bbox 965 2973 1027 3041; x_wconf 89' lang='lat' dir='ltr'><strong>est,</strong></span> <span class='ocrx_word' id='word_1_283' title='bbox 1054 2965 1105 3042; x_wconf 86' lang='lat' dir='ltr'><strong>qni</strong></span> 
     </span>
     <span class='ocr_line' id='line_1_34' title="bbox 125 3048 1105 3127; baseline 0 -17"><span class='ocrx_word' id='word_1_284' title='bbox 125 3049 209 3125; x_wconf 88' lang='lat' dir='ltr'><strong>quod</strong></span> <span class='ocrx_word' id='word_1_285' title='bbox 223 3064 241 3108; x_wconf 98' lang='lat' dir='ltr'><strong>e</strong></span> <span class='ocrx_word' id='word_1_286' title='bbox 254 3065 289 3110; x_wconf 86' lang='lat' dir='ltr'><strong>re</strong></span> <span class='ocrx_word' id='word_1_287' title='bbox 303 3050 425 3127; x_wconf 87' lang='lat' dir='ltr'><strong>publica</strong></span> <span class='ocrx_word' id='word_1_288' title='bbox 437 3051 477 3114; x_wconf 93' lang='lat' dir='ltr'><strong>sit</strong></span> <span class='ocrx_word' id='word_1_289' title='bbox 491 3052 623 3114; x_wconf 88' lang='lat' dir='ltr'><strong>suadere</strong></span> <span class='ocrx_word' id='word_1_290' title='bbox 641 3065 676 3112; x_wconf 87' lang='lat' dir='ltr'><strong>se</strong></span> <span class='ocrx_word' id='word_1_291' title='bbox 696 3049 769 3112; x_wconf 89' lang='lat' dir='ltr'><strong>mihi</strong></span> <span class='ocrx_word' id='word_1_292' title='bbox 789 3051 820 3112; x_wconf 88' lang='lat' dir='ltr'><strong>in</strong></span> <span class='ocrx_word' id='word_1_293' title='bbox 841 3065 879 3112; x_wconf 90' lang='lat' dir='ltr'><strong>en</strong></span> <span class='ocrx_word' id='word_1_294' title='bbox 899 3051 996 3124; x_wconf 85' lang='lat' dir='ltr'><strong>bello,</strong></span> <span class='ocrx_word' id='word_1_295' title='bbox 1020 3048 1105 3127; x_wconf 84' lang='lat' dir='ltr'><strong>quod</strong></span> 
     </span>
     <span class='ocr_line' id='line_1_35' title="bbox 123 3134 1108 3211; baseline 0.002 -19"><span class='ocrx_word' id='word_1_296' title='bbox 123 3137 265 3207; x_wconf 88' lang='lat' dir='ltr'><strong>gesturus</strong></span> <span class='ocrx_word' id='word_1_297' title='bbox 281 3149 358 3207; x_wconf 87' lang='lat' dir='ltr'><strong>sum,</strong></span> <span class='ocrx_word' id='word_1_298' title='bbox 375 3137 517 3208; x_wconf 85' lang='lat' dir='ltr'><strong>confidat,</strong></span> <span class='ocrx_word' id='word_1_299' title='bbox 533 3136 560 3196; x_wconf 92' lang='lat' dir='ltr'><strong>is</strong></span> <span class='ocrx_word' id='word_1_300' title='bbox 574 3149 614 3196; x_wconf 91' lang='lat' dir='ltr'><strong>ne</strong></span> <span class='ocrx_word' id='word_1_301' title='bbox 628 3135 761 3210; x_wconf 88' lang='lat' dir='ltr'><strong>deneget</strong></span> <span class='ocrx_word' id='word_1_302' title='bbox 771 3149 897 3211; x_wconf 86' lang='lat' dir='ltr'><strong>operam</strong></span> <span class='ocrx_word' id='word_1_303' title='bbox 908 3134 953 3195; x_wconf 87' lang='lat' dir='ltr'><strong>rei</strong></span> <span class='ocrx_word' id='word_1_304' title='bbox 964 3135 1108 3211; x_wconf 89' lang='lat' dir='ltr'><strong>publicae</strong></span> 
     </span>
     <span class='ocr_line' id='line_1_36' title="bbox 122 3212 1109 3294; baseline 0.002 -18"><span class='ocrx_word' id='word_1_305' title='bbox 122 3215 195 3276; x_wconf 89' lang='lat' dir='ltr'><strong>etin</strong></span> <span class='ocrx_word' id='word_1_306' title='bbox 206 3212 418 3278; x_wconf 86' lang='lat' dir='ltr'><strong>Macedoniarn</strong></span> <span class='ocrx_word' id='word_1_307' title='bbox 429 3219 669 3280; x_wconf 86' lang='lat' dir='ltr'><strong>mecnmveniat.</strong></span> <span class='ocrx_word' id='word_1_308' title='bbox 691 3233 779 3292; x_wconf 90' lang='lat' dir='ltr'><strong>nave,</strong></span> <span class='ocrx_word' id='word_1_309' title='bbox 791 3232 884 3294; x_wconf 90' lang='lat' dir='ltr'><strong>equo,</strong></span> <span class='ocrx_word' id='word_1_310' title='bbox 895 3217 1109 3290; x_wconf 87' lang='lat' dir='ltr'><strong>tabernaculo,</strong></span> 
     </span>
     <span class='ocr_line' id='line_1_37' title="bbox 122 3298 1107 3378; baseline -0.002 -18"><span class='ocrx_word' id='word_1_311' title='bbox 122 3298 235 3361; x_wconf 86' lang='lat' dir='ltr'><strong>viatico</strong></span> <span class='ocrx_word' id='word_1_312' title='bbox 256 3298 346 3360; x_wconf 89' lang='lat' dir='ltr'><strong>etiarn</strong></span> <span class='ocrx_word' id='word_1_313' title='bbox 367 3317 386 3360; x_wconf 90' lang='lat' dir='ltr'><strong>a</strong></span> <span class='ocrx_word' id='word_1_314' title='bbox 405 3315 454 3361; x_wconf 90' lang='lat' dir='ltr'><strong>me</strong></span> <span class='ocrx_word' id='word_1_315' title='bbox 473 3301 633 3363; x_wconf 88' lang='lat' dir='ltr'><strong>iuvabitur.</strong></span> <span class='ocrx_word' id='word_1_316' title='bbox 669 3301 697 3362; x_wconf 91' lang='lat' dir='ltr'><strong>si</strong></span> <span class='ocrx_word' id='word_1_317' title='bbox 713 3315 803 3378; x_wconf 90' lang='lat' dir='ltr'><strong>quem</strong></span> <span class='ocrx_word' id='word_1_318' title='bbox 825 3299 857 3361; x_wconf 93' lang='lat' dir='ltr'><strong>id</strong></span> <span class='ocrx_word' id='word_1_319' title='bbox 883 3301 987 3362; x_wconf 86' lang='lat' dir='ltr'><strong>iacere</strong></span> <span class='ocrx_word' id='word_1_320' title='bbox 1011 3299 1107 3375; x_wconf 89' lang='lat' dir='ltr'><strong>piget,</strong></span> 
     </span>
     <span class='ocr_line' id='line_1_38' title="bbox 122 3381 1106 3461; baseline -0.004 -16"><span class='ocrx_word' id='word_1_321' title='bbox 122 3382 217 3446; x_wconf 88' lang='lat' dir='ltr'><strong>otimn</strong></span> <span class='ocrx_word' id='word_1_322' title='bbox 236 3381 388 3443; x_wconf 91' lang='lat' dir='ltr'><strong>urbanum</strong></span> <span class='ocrx_word' id='word_1_323' title='bbox 408 3381 530 3448; x_wconf 85' lang='lat' dir='ltr'><strong>miiitiae</strong></span> <span class='ocrx_word' id='word_1_324' title='bbox 550 3385 708 3447; x_wconf 88' lang='lat' dir='ltr'><strong>laboribus</strong></span> <span class='ocrx_word' id='word_1_325' title='bbox 729 3389 906 3461; x_wconf 80' lang='lat' dir='ltr'><strong>praeoptat,</strong></span> <span class='ocrx_word' id='word_1_326' title='bbox 927 3397 945 3444; x_wconf 91' lang='lat' dir='ltr'><strong>e</strong></span> <span class='ocrx_word' id='word_1_327' title='bbox 964 3390 1045 3444; x_wconf 86' lang='lat' dir='ltr'><strong>terra</strong></span> <span class='ocrx_word' id='word_1_328' title='bbox 1065 3395 1106 3441; x_wconf 91' lang='lat' dir='ltr'><strong>ne</strong></span> 
     </span>
     <span class='ocr_line' id='line_1_39' title="bbox 121 3465 1104 3544; baseline -0.003 -17"><span class='ocrx_word' id='word_1_329' title='bbox 121 3465 346 3541; x_wconf 88' lang='lat' dir='ltr'><strong>gubernaverit.</strong></span> <span class='ocrx_word' id='word_1_330' title='bbox 380 3483 555 3530; x_wconf 89' lang='lat' dir='ltr'><strong>sermonum</strong></span> <span class='ocrx_word' id='word_1_331' title='bbox 570 3468 645 3530; x_wconf 87' lang='lat' dir='ltr'><strong>satis</strong></span> <span class='ocrx_word' id='word_1_332' title='bbox 660 3468 730 3543; x_wconf 90' lang='lat' dir='ltr'><strong>ipsa</strong></span> <span class='ocrx_word' id='word_1_333' title='bbox 743 3465 871 3544; x_wconf 88' lang='lat' dir='ltr'><strong>praebet</strong></span> <span class='ocrx_word' id='word_1_334' title='bbox 884 3465 967 3526; x_wconf 86' lang='lat' dir='ltr'><strong>urbs.</strong></span> <span class='ocrx_word' id='word_1_335' title='bbox 996 3466 1104 3540; x_wconf 88' lang='lat' dir='ltr'><strong>loqua-</strong></span> 
     </span>
    </p>
   </div>
   <div class='ocr_carea' id='block_1_3' title="bbox 0 0 1292 3954">
    <p class='ocr_par' dir='ltr' id='par_1_4' title="bbox 0 0 1292 3954">
     <span class='ocr_line' id='line_1_40' title="bbox 0 0 1292 3954; baseline 0 0"><span class='ocrx_word' id='word_1_336' title='bbox 0 0 1292 3954; x_wconf 95' lang='lat' dir='ltr'><strong> </strong></span> 
     </span>
    </p>
   </div>
  </div>
 </body>
</html>
