2598 3956
182 193 244 300 loe
293 219 483 301 tmuttttt.
506 218 589 279 ott.
605 226 704 282 mss.
726 226 764 294 [a.
778 224 923 296 uasta.
936 226 1009 300 ac.
1022 226 1084 293 rto]

182 381 415 454 concesserunt.
442 389 517 452 *oum
539 373 643 450 subire
655 373 828 450 Bastarnae
845 374 973 450 vellent,
996 373 1080 452 quali
1091 380 1166 436 tem·

181 467 303 538 pestate
327 458 432 520 Gallos
453 457 628 534 spoliantes
647 456 785 534 Delphos
809 458 891 518 lama
915 464 964 518 est
986 466 1169 535 peremptos

182 560 270 618 esse,
296 543 365 603 talis
390 550 454 604 tum
473 542 640 604 Bastarnas
662 542 848 617 nequiquam
869 541 910 618 ad
930 541 1002 616 iuga
1021 543 1168 604 montium
1288 595 1289 600 ,

182 627 469 705 appropinquantes
493 625 661 702 oppressit.
698 623 908 702 nequeenim
930 623 1028 704 imbre
1051 632 1166 688 tautum
1288 633 1290 670 ⁷

182 711 283 774 effuso
303 711 376 786 dein
397 709 583 772 creberrima
597 708 746 786 grandine
766 708 866 771 obruti
881 715 954 770 sunt
965 724 1037 770 oum
1051 709 1165 786 ingenti

182 797 304 872 fragore
315 793 392 854 oaeli
404 790 631 871 tonitribusque
643 802 674 858 et
684 793 858 870 fulguribus
871 792 1168 869 praestringentibus

182 875 780 953 aelemooulorum,sediulminaetiam
796 875 994 953 sicundique
1004 876 1168 952 minabant,
1288 893 1289 944 t

182 971 216 1026 ut
235 964 298 1040 peti
318 963 496 1024 viderentur
514 976 663 1038 corpora,
684 976 742 1022 nee
761 961 861 1023 solutu
875 960 987 1022 milites
1005 961 1168 1022 sedetiam
1288 977 1289 984 ¹

181 1047 338 1124 principes
363 1045 414 1106 teti
438 1044 595 1106 oederent:
623 1045 727 1120 itaque
747 1061 816 1106 eum
837 1043 998 1120 praecipiti
1018 1045 1092 1120 iuga
1108 1053 1171 1120 'per
1288 1081 1289 1088 1

181 1146 276 1208 rupes
292 1131 447 1207 praealtas
461 1128 626 1205 improuidi
644 1135 850 1191 sternerentur
864 1136 1058 1204 ruerentque,
1069 1127 1167 1210 insta·

182 1216 257 1288 bant
278 1213 402 1290 quidem
421 1212 574 1290 perculsis
592 1211 742 1288 lbraoes,
766 1213 824 1274 sed
844 1211 907 1289 ipsi
927 1213 1005 1276 deos
1025 1220 1169 1290 auctores
1288 1243 1290 1258 ι

183 1300 275 1375 logne
296 1312 368 1358 esse
381 1298 565 1373 caelumque
578 1297 609 1356 iu
624 1311 660 1358 se
674 1311 765 1358 ruere
780 1297 922 1379 aiebant.¹
940 1295 1081 1374 dissipati
1096 1313 1167 1373 pro·
1288 1353 1290 1364 ,

183 1384 261 1444 oella
281 1397 351 1444 cun
371 1387 527 1457 tamquam
547 1396 586 1442 ex
608 1379 778 1460 naufragio,
789 1381 930 1457 plerique
943 1381 1122 1442 semiermes
1137 1381 1170 1442 in
1288 1373 1290 1428 ἔ

183 1473 293 1542 eastra,
307 1465 391 1526 unde
402 1465 532 1541 proleoti
544 1473 638 1542 erant,
652 1463 815 1540 redissent,
832 1465 998 1526 consultari
1010 1465 1085 1541 quid
1097 1480 1168 1540 age·

182 1557 251 1612 rent
272 1555 425 1624 ooeptum.
452 1549 526 1610 iude
549 1557 615 1610 orta
635 1549 790 1611 dissensio
812 1549 879 1612 aliis
893 1549 1085 1610 redeundum
1100 1547 1169 1610 aliis

182 1634 405 1709 penetrandum
431 1633 462 1692 in
482 1632 667 1694 Dardaniam
692 1633 900 1695 censentibus.
931 1634 1053 1710 triginta
1073 1631 1171 1694 lerme

182 1715 265 1790 milia
284 1716 441 1778 homiuum
452 1745 494 1758 -
505 1714 652 1778 Clondico
670 1716 750 1779 duee
761 1715 896 1792 proleoti
910 1724 1167 1792 eraut-perre-

157 1869 158 1873 Ἰ
182 1807 308 1862 nerunt=
331 1807 434 1862 cetera
454 1799 614 1864 multitudo
633 1807 732 1876 retro,
756 1809 972 1877 quamnam,
992 1800 1169 1862 mediterra-

182 1899 273 1956 neam
296 1883 454 1960 regionem
479 1884 598 1961 repetit.
630 1884 763 1947 Perseus
787 1885 902 1963 potitus
923 1901 1019 1962 regno
1041 1883 1169 1946 interfiat
1287 1947 1289 1958 ,Ἴ

183 1968 370 2043 Antigonum
392 1966 497 2041 tussit,
521 1976 552 2030 et
566 1968 640 2030 dum
660 1967 795 2032 lirmaret
814 1985 881 2045 res,
902 1971 1021 2046 legatos
1040 1969 1170 2030 Romam
1288 1977 1289 2044 ᾗ

182 2053 223 2112 ad
237 2050 399 2114 amicitiam
413 2059 572 2128 paternam
585 2053 796 2115 renovandam
809 2054 1053 2130 petendumque,
1067 2058 1100 2114 ut
1113 2067 1170 2111 rex

182 2135 220 2196 ab
239 2143 349 2200 senatu
369 2136 591 2213 appellaretur,
618 2137 711 2200 misit
737 2137 816 2200 baec
830 2154 868 2200 eo
885 2154 966 2200 anno
981 2139 1011 2198 in
1024 2135 1169 2198 Macedo·

183 2220 233 2284 nia
247 2229 345 2297 gesta.
452 2289 454 2294 ,

269 2305 344 2366 LIX.
365 2304 452 2366 Alter
467 2306 628 2368 consulum
644 2307 678 2382 Q.
694 2307 819 2369 Fulvius
835 2322 874 2367 ex
887 2305 1052 2381 Liguribus
1068 2303 1169 2366 trium·

183 2389 303 2466 pbavit;
334 2404 425 2466 quem
447 2389 632 2466 triumphum
646 2391 745 2466 magia
764 2390 880 2464 gratiae
895 2403 986 2464 qnam
1001 2403 1103 2448 rerum
1117 2401 1169 2461 ge·

183 2481 300 2536 starum
313 2472 515 2548 magnitudini
529 2474 634 2538 datum
648 2471 817 2536 constabat.
846 2487 1000 2534 armorum
1014 2469 1170 2532 hostilium

181 2571 324 2632 magnam
338 2557 401 2618 vim
414 2557 576 2633 transtulit,
592 2559 706 2618 nubam
721 2555 883 2634 pecuniam
897 2553 1073 2617 admodum
1093 2550 1169 2612 divi·
1200 2553 1202 2558 ’

183 2639 223 2703 sit
237 2647 337 2702 tamen
351 2641 383 2702 in
398 2640 537 2717 singulos
552 2642 662 2703 milites
677 2648 820 2703 ueoenos
832 2640 923 2716 aeris,
938 2640 1055 2716 duplex
1066 2643 1169 2699 eentu-

182 2723 331 2800 rionibus,
346 2725 459 2802 triplex
474 2726 578 2803 equiti.
599 2724 673 2788 nihil
686 2727 717 2788 iu
729 2724 929 2802 eotriumpho
941 2725 1038 2799 magis
1050 2721 1172 2797 insigne

184 2810 239 2870 luit
249 2826 341 2888 quam
356 2810 441 2888 quod
453 2809 531 2872 torte
543 2809 654 2885 evenit,
669 2818 703 2872 ut
713 2809 824 2872 eodem
834 2808 885 2871 die
896 2807 1096 2883 triumpharet
1108 2819 1173 2882 quo

183 2893 288 2969 priore
301 2910 383 2956 auno
396 2910 436 2956 ex
450 2901 595 2971 praetura
608 2894 860 2972 triurnpmverat.
883 2891 1053 2954 seeundum
1067 2889 1171 2951 trium-

184 2976 280 3050 phum
300 2977 423 3038 comitia
441 2978 553 3052 edixit,
575 2977 688 3054 quibus
708 2979 802 3041 creati
822 2978 967 3039 eonsules
983 2973 1108 3037 suntid.
1122 2973 1170 3034 lu·

181 3058 390 3131 ,niusBrutus
414 3063 453 3122 A.
474 3059 606 3122 Manlius
630 3063 741 3124 Vulso.
777 3067 951 3137 praetorum
976 3056 1049 3120 inde
1072 3056 1170 3119 tribus

182 3142 295 3213 orbatis
310 3143 433 3204 comitia
449 3150 616 3221 tempestas
631 3144 761 3206 diremit.
783 3152 910 3219 postero
925 3143 975 3204 die
986 3140 1096 3218 reliqui
1108 3146 1171 3201 tres

185 3226 265 3301 laeli,
281 3235 351 3288 ante
366 3227 447 3288 diem
462 3237 603 3304 quartum
618 3229 688 3290 idus
703 3228 836 3303 Martias,
853 3225 895 3289 M.
908 3227 1035 3290 Titinius
1052 3225 1171 3286 Currus

182 3311 227 3381 ‘li
238 3309 385 3380 claudius
400 3311 480 3373 Nero
495 3312 527 3374 Τ.
539 3312 684 3374 Fonteius
698 3311 815 3390 Capito.
837 3312 902 3373 ludi
912 3310 1042 3373 Romani
1056 3309 1171 3369 instau-

183 3396 241 3458 rati
256 3395 294 3457 ab
307 3395 458 3458 aedilibus
470 3397 628 3460 curulibus
640 3397 692 3458 Cn.
705 3395 835 3460 Servilio
847 3395 1003 3472 caepione
1014 3395 1075 3470 tp.
1083 3390 1171 3454 Clau-

183 3477 237 3542 dio
253 3479 389 3554 centorm
408 3488 536 3559 proptor
556 3479 699 3560 prodigia
713 3495 793 3559 quae
806 3487 981 3543 evenerant
1011 3483 1093 3539 terra
1106 3491 1170 3536 mo·
