2570 3952
311 194 425 255 LIBER
439 195 528 254 XLV.
549 195 631 255 CAP.
644 203 689 258 30.
700 205 744 258 31.
767 205 803 270 [a.
820 203 851 257 C.
867 204 929 270 167]
1045 195 1107 260 283

130 346 294 407 maritimas
319 361 444 422 quoque
466 347 707 422 opportunitates
729 346 757 406 ei
776 348 926 422 praebent
948 339 1054 424 portus
1069 351 1109 410 ad

128 431 269 492 Toronen
285 444 323 490 ac
336 436 470 490 montem
485 429 565 491 Atho
579 462 622 474 —-
635 433 760 490 Aeneae
775 437 887 492 vocant
900 431 982 492 hunc
992 467 1044 509 -,
1059 433 1109 493 altr

130 515 169 574 ad
189 515 319 575 insulam
338 514 510 588 Euboeam,
543 513 591 573 alii
614 513 654 573 ad
676 515 908 590 Hellespontum
934 524 1109 592 opportune

128 597 220 658 versi.
243 597 333 658 tertia
354 598 440 673 regio
461 597 579 659 nobiles
594 597 688 658 urbes
707 597 858 659 Edessam
873 605 903 659 et
916 598 1065 660 Beroeam
1079 606 1110 660 et

128 681 242 741 Pellam
263 679 370 757 habet,
391 689 420 742 et
440 681 609 742 Vettiorum
630 680 808 742 bellicosam
823 690 961 758 gentem;
990 682 1108 746 incolas

131 781 256 841 quoque
277 766 444 840 permultos
465 764 570 826 Gallos
591 772 623 825 et
635 765 775 844 illyrios,
801 765 950 841 impigros
965 767 1108 829 cultores.

131 855 270 924 quartam
284 850 441 924 regionem
455 849 587 909 Eordaei
602 855 632 910 et
645 849 819 927 Lyncestae
833 856 864 911 et
877 849 1048 925 Pelagones
1063 848 1109 910 in-

130 932 250 1008 colunt,
271 932 372 994 iuncta
392 932 441 995 his
461 933 617 995 Atintania
638 941 668 994 et
688 932 877 1012 Stymphalis
899 941 929 994 et
947 931 1108 996 Elimiotis.

129 1016 240 1092 lrigida
260 1015 338 1076 baec
360 1017 458 1078 omnis
480 1017 620 1092 duraque
640 1019 724 1078 cultu
745 1025 775 1077 et
796 1033 909 1093 aspera
930 1019 1022 1094 plaga
1045 1024 1108 1079 esta

129 1100 278 1162 cultorum
302 1117 428 1176 quoque
448 1101 569 1175 ingenia
584 1109 683 1161 terrae
698 1100 808 1162 similia
821 1101 922 1162 habet.
940 1100 1109 1163 ferociores

129 1199 186 1246 eos
200 1191 230 1244 et
240 1185 366 1245 accolae
376 1183 499 1245 barbari
506 1185 629 1256 iaciunt,
642 1200 724 1246 nune
733 1185 814 1247 bello
823 1193 1014 1259 exercentes,
1026 1201 1109 1246 nunc

127 1267 159 1328 in
174 1283 251 1342 pace
271 1267 434 1330 miscentes
449 1267 525 1327 ritus
540 1283 624 1328 suos.
647 1267 747 1329 divisa
767 1268 870 1343 itaque
883 1267 1065 1329 Macedonia
1079 1275 1110 1330 et

128 1351 259 1428 partium
274 1349 383 1411 usibus
398 1351 559 1427 separatis,
576 1365 656 1426 quae
669 1351 729 1410 iarn
742 1349 906 1411 universos
917 1358 1035 1413 teneret
1044 1351 1108 1410 Ma·

130 1433 282 1510 aedonas,
300 1435 438 1496 termula
458 1430 554 1511 dicta,
582 1449 650 1494 cum
670 1435 755 1509 leges
778 1451 902 1511 quoque
918 1449 953 1494 se
968 1433 1109 1496 daturum

129 1518 326 1581 ostendisset.
427 1529 436 1534 ’·

213 1601 309 1662 XXXI
329 1602 430 1664 Aetoli
452 1601 564 1662 deinde
585 1603 675 1664 citati.
698 1601 730 1662 in
745 1618 806 1678 qua
821 1601 994 1682 cognitione
1009 1601 1108 1678 magis

128 1694 198 1748 utra
208 1686 282 1762 pars
293 1685 450 1762 Romanis,
463 1692 531 1747 utra
542 1685 608 1763 regi
620 1686 748 1747 lavisset
760 1687 931 1763 quaesitum
943 1693 1000 1760 est,
1015 1701 1108 1762 quam
1186 1690 1188 1698 ’

128 1778 197 1832 utra
216 1769 342 1831 lecisset
355 1769 495 1830 iniuriam
509 1776 562 1830 aut
581 1770 769 1846 accepisset:
789 1785 871 1830 noxa
884 1769 1003 1829 liberati
1016 1767 1108 1830 inter·

129 1855 279 1923 lectores;
306 1853 448 1915 exsilium
462 1853 561 1930 pulsis
575 1869 674 1930 aeque
687 1859 784 1914 ratum
800 1852 855 1914 luit
868 1868 905 1912 ac
920 1868 1003 1914 mors
1017 1851 1107 1913 inter-

130 1935 235 2006 lectis;
252 1938 295 1997 A.
310 1937 444 1998 Baebius
458 1954 538 1999 unus
560 1945 608 1999 est
622 1938 799 2012 damnatus,
822 1937 906 2013 quod
920 1936 1032 1998 milites
1045 1933 1107 1996 Ro·

128 2035 238 2082 menos
264 2019 458 2095 praebuisset
479 2022 520 2081 ad
540 2019 739 2081 ministerium
763 2019 876 2081 caedis.
906 2018 956 2080 hic
978 2027 1108 2081 eventus

128 2104 307 2165 Aetolorum
323 2117 436 2164 causae
451 2103 481 2162 in
496 2104 637 2164 omnibus
652 2103 798 2164 Graeciae
812 2103 954 2178 gentibus
969 2103 1107 2178 populis-

131 2203 191 2264 que
211 2203 317 2249 eorum
337 2186 388 2262 qui
404 2187 499 2262 partis
514 2189 722 2248 Romanorum
740 2189 859 2246 fuerant
878 2185 996 2246 inilavit
1008 2187 1050 2246 ad
1064 2188 1108 2246 in·

128 2271 316 2334 tolerabilem
329 2269 505 2346 superbiam
517 2271 644 2344 animos,
658 2277 688 2332 et
699 2269 851 2331 obnoxios
858 2268 989 2345 pedibus
1002 2284 1108 2329 eorum

130 2356 260 2418 subiecit
275 2371 355 2432 quos
368 2354 473 2432 aliqua
487 2361 574 2431 parte
588 2353 725 2430 suspicio
740 2354 855 2415 lavaris
870 2353 899 2412 in
915 2367 1019 2427 regem
1034 2367 1107 2413 con·

127 2441 246 2515 tigerat.
276 2437 333 2500 tria
353 2453 466 2514 genera
481 2438 653 2516 principum
674 2438 703 2499 in
719 2435 892 2498 civitatibus
908 2445 1010 2509 erant,
1034 2436 1106 2509 duo,

129 2523 383 2602 quae-adulando
405 2530 457 2584 aut
475 2525 684 2584 Romanorum
704 2521 862 2598 imperium
878 2526 930 2582 aut
944 2518 1107 2582 amicitiam

127 2624 235 2684 regum
250 2608 308 2669 sibi
323 2605 465 2682 privatim
480 2622 557 2683 opes
573 2607 734 2682 oppressis
751 2604 903 2668 iaciebant
918 2603 1105 2688 civitatibus3

127 2693 262 2752 medium
280 2705 390 2765 unum,
415 2691 537 2767 utrique
556 2691 659 2765 generi
682 2690 861 2764 adversum,
886 2689 1056 2749 libertatem
1078 2694 1108 2748 et

128 2776 213 2850 leges
222 2773 377 2836 tuebatur.
399 2771 448 2833 his
462 2780 496 2834 ot
507 2772 698 2849 matorapud
714 2789 789 2833 suos
805 2771 932 2845 ceritas,
952 2771 994 2830 ita
1008 2771 1107 2830 minor

128 2861 168 2920 ad
183 2851 328 2922 externos
342 2857 440 2934 gratia
455 2864 527 2919 erat.
552 2856 696 2918 secundis
708 2854 801 2916 rebus
817 2855 887 2938 elati
897 2856 1106 2915 Romanorum

128 2941 224 3018 partis
238 2942 457 3006 eius-lautores
477 2941 535 3004 soli
556 2948 619 3004 tum
634 2941 665 3001 in
680 2937 920 3015 magistratibus,
944 2935 1004 2998 soli
1018 2936 1048 2997 in
1063 2937 1106 2996 le-

128 3025 302 3100 gationibus
316 3033 411 3088 erant.
430 3027 460 3087 hi
477 3042 546 3088 cum
561 3027 738 3101 trequentes
753 3031 783 3086 et
796 3039 835 3084 ex
845 3021 1062 3098 Peloponneso
1077 3028 1107 3081 et

4 3145 5 3190 3
128 3124 168 3169 ex
182 3109 310 3170 Boeotia
325 3117 409 3171 etex
424 3111 491 3172 aliis
507 3110 654 3171 Graeciae
669 3109 806 3170 conciliis
821 3107 977 3179 adessent,
997 3105 1104 3180 imple-

4 3191 6 3228 ?
126 3208 201 3253 vere
216 3206 307 3253 aures
322 3193 429 3253 decem
440 3195 624 3270 legatorum:
639 3209 701 3254 non
713 3209 769 3254 cos
780 3197 903 3266 tantum,
921 3189 1020 3267 quise
1034 3204 1105 3263 pro·

127 3277 229 3354 palam
246 3292 301 3351 per
314 3277 478 3338 vanitatem
493 3275 659 3338 iactassent
673 3283 827 3352 tamquam
841 3274 980 3351 hospites
992 3279 1022 3332 et
1032 3269 1105 3330 ami·

130 3377 185 3423 cos
211 3358 331 3434 Persei,
356 3359 413 3420 sed
434 3361 528 3421 multo
550 3362 654 3436 plures
676 3360 754 3422 alios
776 3373 815 3419 ex
838 3359 957 3419 occulto
980 3354 1105 3428 lavisse,

129 3446 266 3524 reliquos
287 3460 345 3521 per
365 3443 502 3520 speciem
523 3444 655 3504 tuendae
675 3441 822 3503 libertatis
842 3441 872 3502 in
895 3438 1032 3500 conciliis
1053 3437 1101 3498 ad-
