2570 3952
190 219 253 285 ate
347 220 462 281 LIBER
472 217 563 276 xlv.
586 217 782 280 (inpensae.
804 223 838 290 [a.
854 221 888 276 tt.
901 218 998 295 aces]

190 376 251 452 ipsi
274 371 436 436 coniuncto
458 371 594 431 exercitu
615 374 778 443 venerunt,
804 369 886 429 circa
908 366 1080 430 Orthosiam
1101 368 1169 428 acie
1267 351 1268 360 ³

189 465 380 601 margini.
402 538 480 598 uum
496 536 573 597 laea
586 534 638 610 tm,
653 535 713 596 ana
726 535 756 596 n
771 535 962 609 macedonia,
978 532 1171 597 ntaaomae

191 632 345 700 geruntur,
360 619 479 684 interim
494 621 525 681 in
540 620 662 699 illyrico
675 618 709 679 L.
723 620 853 680 Anicius
866 634 940 695 rege
956 619 1074 694 Gentio,
1090 619 1172 680 sicut

190 717 260 770 ante
283 707 477 778 dictumest,
503 704 534 765 in
549 709 731 781 potestatem
744 703 885 779 redacto,
911 700 1062 778 Scodrae,
1089 718 1172 778 quae

190 793 275 869 regia
289 794 396 865 luerat,
411 787 566 865 praesidio
581 786 724 864 imposito
740 785 901 848 Gabinium
918 784 1074 862 praefecit,
1095 785 1172 848 Rhi-

190 876 260 940 zoni
275 883 305 937 et
320 875 437 937 Olcinio
452 871 580 935 'urbibus
596 869 775 949 opportunis
789 870 820 931 C.
830 868 987 932 Licinium.
1008 871 1172 946 praeposi-

190 961 230 1021 tis
250 959 297 1021 his
316 957 438 1037 illyrico
459 956 577 1031 reliquo
600 955 736 1015 exercitu
755 954 785 1015 in
798 952 925 1032 Epirum
938 961 986 1016 est
1000 955 1171 1031 proiectus.

190 1042 244 1104 uhi
257 1083 258 1090 κ
266 1043 365 1120 prima
383 1041 520 1100 Phanota
540 1039 568 1100 ei
583 1038 687 1099 dedita
700 1045 763 1100 tota
777 1037 968 1099 multitudine
982 1053 1050 1098 cum
1064 1037 1171 1099 infulis

192 1126 312 1188 obviam
338 1125 447 1186 effusa.
483 1122 533 1182 hic
564 1121 718 1200 praesidio
742 1120 886 1199 imposito
914 1122 945 1184 in
969 1120 1175 1184 Molossidem

191 1218 414 1286 transgressus,
429 1207 518 1269 cuius
533 1207 674 1268 omnibus
689 1205 814 1283 oppidis
830 1212 951 1282 praeter
964 1203 1171 1267 Passaronem

192 1301 224 1354 et
231 1293 415 1355 Tecmonem
429 1297 459 1354 et
467 1290 622 1370 Phylacen
636 1298 667 1351 et
676 1291 827 1352 Horreum
841 1289 972 1365 receptis
984 1287 1115 1366 primum
1127 1289 1173 1350 'ad

189 1376 393 1438 Passaronem
408 1373 499 1438 ducit.
522 1374 674 1437 Antinous
695 1383 726 1436 et
739 1373 1087 1449 Theodotus'principes
1103 1372 1172 1434 eius

192 1460 323 1522 civitatis
339 1466 434 1535 erant,
448 1457 586 1534 insignes
601 1465 632 1518 et
646 1459 752 1519 lavore
765 1456 870 1518 Persei
885 1461 916 1517 et
930 1457 1001 1519 odio
1017 1456 1172 1518 adversus

191 1544 366 1620 Romanos,
387 1542 479 1604 iidem
492 1541 655 1602 universae
668 1541 751 1616 genti
765 1548 907 1602 auctores
922 1537 1117 1602 desciscendi
1133 1541 1172 1602 ab
1267 1551 1268 1626 j

191 1625 348 1688 Romanis.
371 1626 403 1686 hi
424 1623 612 1687 conscientia
628 1625 765 1700 privatae
780 1639 890 1698 noxae,
907 1625 979 1701 quia
994 1625 1072 1700 ipsis
1087 1627 1173 1685 nulla

192 1725 267 1787 spes
283 1710 391 1771 veniae
405 1715 482 1783 erat,
504 1714 537 1769 ut
552 1708 704 1771 communi
724 1708 812 1769 ruina
828 1709 945 1783 patriae
960 1709 1172 1785 opprimeren-
1267 1713 1268 1794 J

192 1801 254 1870 tur,
269 1795 444 1857 clauserunt
457 1794 577 1869 portas,
592 1792 827 1869 multitudinem,
842 1798 875 1853 ut
888 1799 1016 1854 mortem
1032 1791 1174 1855 servituti
1267 1799 1268 1832 ³

192 1885 426 1956 ,raeponerent
440 1875 609 1939 hortantes.
627 1887 718 1937 nemo
732 1877 883 1937 adversus
896 1883 1113 1952 praepotentes
1125 1876 1172 1937 vi·

193 1974 245 2022 ros
260 1962 382 2022 hiscere
396 1960 538 2022 audebat.
561 1960 683 2021 tandem
704 1959 880 2022 Theodotus
897 1959 1035 2037 quidam,
1058 1959 1173 2022 nobilis

193 2053 222 2106 et
235 2044 305 2120 ipse
318 2044 511 2120 adolescens,
532 2059 600 2106 cum
614 2044 712 2104 maior
725 2060 744 2104 a
757 2043 905 2106 Romanis
918 2050 1017 2105 metus
1031 2044 1174 2106 timorem

192 2145 210 2188 a
225 2127 414 2207 principibus
429 2129 494 2190 suls
505 2127 640 2204 vicisset,
655 2144 756 2204 „quae
768 2144 826 2189 vos
836 2126 959 2189 rabies“
974 2127 1072 2203 inquit
1086 2129 1173 2204 „agi-

192 2219 249 2288 tat,
273 2213 325 2289 qui
345 2213 475 2274 duorum
496 2211 652 2273 hominum
673 2227 774 2272 noxae
792 2211 943 2273 civitatem
958 2212 1174 2274 accessionem

192 2296 313 2356 tacitist
327 2297 471 2373 equidem
486 2312 542 2372 pro
558 2295 656 2371 patria
672 2296 724 2370 qui
736 2297 830 2356 letum
845 2295 1052 2373 appetissent,
1074 2310 1174 2372 saepe

191 2380 286 2442 lando
307 2378 425 2440 audivi=
454 2379 506 2454 qui
526 2379 654 2454 patriam
675 2395 732 2454 pro
748 2395 784 2441 se
798 2380 900 2455 perire
914 2394 1047 2456 aequum
1062 2395 1174 2440 cense-

190 2471 273 2536 rent,
290 2463 320 2522 hi
334 2461 423 2538 primi
437 2461 552 2523 inventi
565 2470 646 2524 sunt.
670 2464 743 2538 quin
757 2463 912 2539 aperimus
928 2470 1051 2540 portas,
1073 2470 1103 2524 et
1115 2464 1174 2524 im·
1266 2529 1267 2544 ,

191 2545 311 2622 perium
326 2546 509 2622 accipimus,
533 2545 617 2622 quod
635 2545 718 2607 orbis
739 2554 887 2608 terrarum
908 2547 1072 2624 accepitt“
1093 2546 1175 2608 haec

193 2628 344 2691 dicentem
358 2645 426 2690 cum
440 2629 601 2691 multitudo
617 2637 807 2706 sequeretur,
822 2630 975 2693 Antinous
987 2638 1017 2693 et
1029 2629 1174 2692 Theodo-
1266 2655 1267 2688 t

191 2720 241 2774 tus
264 2715 293 2773 in
315 2712 444 2790 primam
465 2715 627 2778 stationem
647 2713 782 2776 hostiurn
803 2714 992 2790 irruperunt,
1015 2723 1107 2790 atque
1129 2713 1173 2774 ibi

192 2797 358 2861 offerentes
380 2815 415 2860 se
436 2799 495 2875 ipsi
516 2797 694 2860 vulneribus
716 2798 881 2859 interlecti=
909 2798 983 2859 urbs
1005 2797 1108 2860 dedita
1123 2805 1174 2858 est
1266 2797 1267 2832 l

190 2881 346 2943 Romanis.
369 2881 458 2943 simili
471 2881 638 2958 pertinacia
650 2881 774 2958 Cephali
788 2881 935 2959 principis
948 2882 1085 2943 clausum
1095 2883 1173 2942 Tec-

191 2979 312 3025 monem
333 2966 404 3042 ipso
424 2967 582 3027 interiecto
598 2981 654 3041 per
668 2964 853 3027 deditionem
867 2964 994 3043 recepit.
1017 2981 1075 3026 nee
1088 2964 1173 3044 Phy-

190 3049 257 3107 lace
272 3063 330 3109 nec
343 3048 494 3111 Horreum
508 3049 768 3126 oppugnationem
785 3050 926 3110 tulerunt.
941 3056 1051 3126 pacata
1064 3049 1174 3125 Epiro,

192 3129 365 3208 divisisque
385 3130 416 3193 in
439 3131 568 3194 hiberna
589 3130 688 3208 copiis
710 3148 767 3209 per
781 3139 972 3210 opportunas
986 3133 1096 3209 urbes,
1121 3150 1173 3194 re-

190 3231 319 3291 gressus
333 3216 401 3290 ipse
415 3216 446 3276 in
460 3216 624 3295 illyricum,
640 3215 786 3293 Scodrae,
802 3234 863 3294 quo
881 3217 1018 3294 quinque
1027 3216 1119 3294 legati
1132 3217 1173 3277 ab

190 3300 289 3360 Roma
310 3307 471 3375 venerant,
493 3300 629 3363 evocatis
652 3315 692 3360 ex
712 3307 777 3362 tota
798 3300 957 3378 provincia
977 3299 1172 3377 principibus
1265 3345 1266 3368 ,

191 3393 374 3446 contuentem
392 3383 508 3445 habuit.
530 3383 572 3445 ibi
593 3400 650 3460 pro
665 3383 805 3446 tribunali
823 3385 1030 3462 pronuntiavit
1044 3385 1083 3445 de
1098 3399 1172 3446 sen·

191 3467 284 3528 tentia
305 3467 439 3543 consilli,
465 3476 602 3532 senatum
623 3469 834 3548 populumque
852 3470 1024 3530 Romanum
1045 3465 1170 3546 illyrios
