2574 3954
337 269 451 329 LIBER
465 269 568 328 XLIV.
592 269 715 328 caut.
728 280 753 329 5.
777 275 813 342 [a.
826 275 858 332 C.
873 276 934 342 169]
1061 271 1123 333 213

143 431 236 500 atque
251 420 340 482 etiarn
356 419 507 496 periculo,
534 413 690 482 secedenti
705 437 743 480 ex
759 422 970 496 superioribus
985 426 1063 487 locis
1078 428 1123 487 in·

142 516 225 568 stare
245 505 344 566 hostis
365 511 500 579 poteram
530 519 588 564 nec
609 505 691 564 aliud
712 507 848 568 restabat
869 524 961 582 quarn
976 510 1123 571 audacter

140 590 339 652 commissum
354 587 502 663 pertinaci
518 588 655 660 audacia,
679 604 760 663 quae
774 591 910 664 prudens
926 593 1077 654 interdum
1092 594 1122 654 in

140 675 296 748 exituest,
313 672 476 746 corrigere.
491 679 616 732 ventum
632 672 755 746 quidem
770 680 836 732 erat
849 689 897 749 eo,
911 683 945 735 ut
959 677 986 736 si
1000 677 1122 739 hostem

140 757 270 818 similem
291 755 426 830 antiquis
446 755 651 815 Macedonum
671 755 795 831 regibus
822 757 981 819 habuisset
1002 762 1120 834 consul,

138 856 251 916 inagna
273 840 378 900 clades
399 837 498 914 accipi
517 840 660 914 potuerit.
683 841 739 900 sed
760 857 829 900 cum
849 841 890 902 ad
902 842 991 903 Dium
1006 859 1062 920 per
1075 846 1120 904 lit-

139 936 209 986 tora
223 939 293 983 cum
307 922 462 998 equitibus
476 927 639 998 vagaretur
649 940 714 998 rex,
730 931 760 984 et
773 925 812 984 ab
824 924 987 986 duodecim
999 927 1120 988 milibus

138 1022 240 1084 prope
262 1009 425 1068 clamorem
446 1014 476 1066 et
496 1007 655 1082 strepitum
680 1007 880 1082 pugnantium
905 1010 1038 1085 audiret,
1064 1027 1122 1072 nec

138 1093 225 1153 auxit
249 1091 356 1165 copias
381 1090 517 1165 integros
544 1090 636 1151 fessis
661 1090 887 1166 summittendo,
916 1109 1017 1169 neque
1041 1096 1120 1170 ipse,

140 1176 226 1254 quod
240 1174 402 1249 plurimum
416 1175 568 1248 intererat,
591 1173 747 1235 certamini
761 1174 864 1250 adicit,
881 1191 950 1237 cum
963 1179 1121 1239 Romanus

136 1261 303 1336 imperator
322 1258 419 1317 maior
446 1256 607 1332 sexaginta
627 1256 715 1324 annis
736 1265 767 1318 et
787 1259 967 1334 praegravis
988 1277 1120 1338 corpore

138 1342 242 1404 emnia
261 1340 400 1402 militaria
420 1355 547 1400 munera
566 1340 636 1415 ipse
656 1341 785 1418 impigre
806 1342 912 1404 obiret.
941 1347 1064 1420 egregie
1080 1347 1118 1406 ad

137 1425 276 1488 ultimum
298 1425 328 1484 in
349 1424 496 1485 audacter
512 1423 678 1486 commisso
693 1428 922 1501 perseveravit3
944 1437 975 1490 et
987 1428 1117 1504 Popillio

136 1509 245 1572 relicto
266 1511 295 1569 in
319 1507 459 1570 custodia
479 1508 557 1582 iugi,
579 1523 634 1583 per
646 1509 729 1569 invia
743 1515 1010 1588 transgressurus,
1031 1529 1119 1588 prae·

136 1593 242 1656 missis
265 1593 317 1667 qui
338 1599 539 1669 repurgarent
558 1592 628 1666 iter,
649 1593 784 1653 Attalum
798 1600 829 1654 et
846 1593 1032 1670 Misagenem
1049 1613 1114 1660 cunt

138 1693 215 1739 suae
235 1677 334 1752 gentis
354 1683 518 1750 utrumque
533 1675 733 1737 auxiliaribus
747 1677 904 1752 praesidio
919 1679 996 1740 esse'
1007 1681 1117 1741 saltum

138 1760 348 1836 aperientibus
363 1759 456 1833 iubet,
477 1758 546 1835 ipse
560 1759 681 1834 equites
695 1760 976 1838 impedimentaque
990 1779 1066 1838 prae
1082 1778 1118 1824 se

136 1846 259 1905 habens
285 1858 354 1903 cum
377 1843 552 1918 legionibus
577 1858 686 1918 agmen
712 1845 802 1920 cogit.
834 1845 873 1906 V.
904 1844 1116 1906 inenarrabilis

137 1929 226 1990 labor
240 1926 500 1988 descendentibus
516 1941 583 1986 cum
597 1927 685 1987 ruina
699 1927 899 1989 iumentorum
915 1930 1117 1990 sarcinarum·

139 2027 209 2088 que.
243 2011 417 2086 progressis
441 2010 568 2070 vixdum
594 2019 737 2086 quattuor
761 2013 844 2072 milia
868 2030 1017 2089 passuum
1043 2014 1117 2074 nihil

138 2095 302 2172 optabilius
329 2109 400 2155 esse
422 2110 515 2168 quam
535 2093 636 2153 redire
658 2111 719 2170 qua
740 2105 902 2171 venerant,
929 2098 955 2158 si
976 2105 1116 2172 possent.

137 2179 280 2241 hostilem
308 2193 406 2255 prope
432 2177 591 2238 tumultum
613 2178 725 2252 agrniui
744 2178 897 2253 elephanti
917 2179 1115 2256 praebebant,

138 2265 190 2339 qui
210 2263 262 2324 ubi
284 2263 324 2322 ad
343 2259 426 2322 invia
445 2269 607 2336 venerant,
634 2261 761 2322 deiectis
775 2263 946 2324 rectoribus
962 2279 1031 2322 cum
1045 2263 1115 2323 hor·

136 2347 234 2408 rendo
247 2346 378 2407 stridore
392 2359 539 2420 pavorem
555 2345 717 2419 ingentem,
732 2347 821 2421 equis
832 2345 972 2422 maxime,
987 2347 1114 2407 incutie-

137 2434 224 2505 bant,
246 2429 346 2491 donec
366 2428 546 2490 traducendi
567 2443 623 2490 eos
645 2429 729 2489 ratio
743 2429 817 2490 inita
830 2437 887 2490 est.
908 2446 965 2505 per
979 2431 1116 2505 proclive

137 2524 261 2591 sumpto
273 2514 394 2589 fastigio
408 2513 491 2587 longi
503 2514 565 2573 duo
577 2511 670 2573 validi
685 2529 809 2574 asseres
824 2529 862 2572 ex
874 2513 1018 2574 interiore
1029 2521 1116 2589 parte

137 2603 168 2660 in
184 2608 265 2660 terra
279 2598 500 2672 deligebantur,
522 2596 671 2657 distantes
686 2595 765 2657 inter
781 2613 815 2656 se
829 2599 922 2672 paulo
938 2599 1009 2673 plus
1025 2615 1115 2674 quam

138 2690 254 2758 quanta
267 2682 387 2742 belluae
400 2679 527 2742 latitudo
544 2688 603 2740 est:
624 2681 655 2740 in
667 2695 722 2741 eos
733 2688 912 2741 transverso
923 2681 1116 2742 incumbente
1146 2711 1150 2719 ·

136 2767 222 2842 tigno
238 2765 278 2827 ad
292 2765 427 2825 tricenos
441 2763 525 2838 longi
541 2764 648 2839 pedes,
663 2771 698 2824 ut
711 2780 792 2838 pons
808 2764 1115 2840 essetiniungeban·

136 2861 201 2926 tur,
223 2849 398 2925 humusque
420 2849 547 2922 insuper
561 2846 748 2907 iniciebatur.
768 2846 890 2908 modico
912 2847 1024 2907 deinde
1039 2847 1116 2907 inira

136 2934 300 2996 intervallo·
313 2932 421 2994 similis
437 2933 511 2992 alter
525 2947 615 3007 pons,
632 2931 701 2990 dein
718 2931 833 3005 tertius,
849 2940 879 2992 ct
893 2931 997 3005 plures
1012 2947 1052 2991 ex
1067 2947 1115 2992 or-

138 3019 219 3090 dine,
238 3034 299 3093 qua
309 3031 404 3093 rupes
416 3015 558 3076 abscisae
570 3022 664 3088 erant,
677 3014 800 3075 flebant.
816 3014 915 3074 solido
927 3015 1116 3088 procedebat

137 3100 286 3176 elephans
306 3101 336 3160 in
358 3107 496 3177 pontent;
520 3099 606 3158 cuius
621 3098 801 3173 priusquam
814 3099 844 3158 in
861 3106 1029 3160 extremum
1045 3115 1115 3175 pro-

138 3184 278 3256 cederet,
301 3183 432 3244 succisis
452 3182 611 3242 asseribus
633 3182 791 3257 collapsus
806 3198 886 3256 pons
901 3198 1002 3257 usque
1017 3183 1056 3242 ad
1072 3183 1115 3241 al·

136 3265 233 3327 terius
258 3265 373 3327 initium
398 3266 501 3341 pontis
526 3264 643 3340 prolabi
669 3281 739 3326 eunt
763 3266 871 3326 leniter
898 3266 1037 3341 cogebat.
1065 3263 1115 3325 alii

137 3349 293 3424 elephanti
314 3347 446 3425 pedibus
466 3348 658 3425 insistentes,
686 3347 737 3409 alii
758 3348 896 3410 clunibus
919 3347 1115 3409 subsidentes

137 3433 385 3509 prolabebantur.
407 3433 459 3493 ubi
473 3433 615 3507 planities
631 3433 726 3493 attera
740 3433 843 3506 pontis
858 3431 1034 3506 excepisset
1048 3444 1113 3502 eoS,

136 3533 246 3578 rursus
267 3515 356 3579 simili
370 3517 458 3578 mina
471 3515 625 3578 inferioris
645 3515 748 3591 pontis
764 3515 993 3588 deferebantur,
1017 3514 1116 3573 donec
