2598 3956
194 142 256 214 126
367 146 482 207 LIBER
494 145 568 206 xnl.
592 144 673 206 CAP.
688 152 788 206 aare
811 149 894 218 [un.
908 151 1005 216 aare]

194 297 306 362 daniae
320 313 427 372 regum
441 296 548 356 merita
561 311 635 372 erga
649 312 707 358 nos
719 295 825 368 luisse,
843 302 876 355 ut
886 293 1017 374 Philippi
1029 297 1119 358 unius
1131 296 1176 375 in,

194 383 297 456 iurias,
314 379 341 442 si
357 395 438 456 quae
452 381 530 440 sorte
544 381 673 454 luerunt,
687 377 721 417 **
736 379 840 456 utique
855 387 927 455 post
940 386 1084 451 mortem;
1107 397 1174 444 curn

196 467 306 528 classis
330 466 468 524 Romana
489 462 652 524 Cenchreis
677 469 788 537 staret,
812 465 922 525 consul
947 480 1014 526 cum
1040 467 1174 528 exercitu

193 551 318 611 Elateae
332 555 424 622 esset,
439 548 571 608 triduum
586 563 645 608 nos
660 548 690 607 in
705 546 835 609 concilio
848 547 945 610 luisse
956 550 1174 624 consultantes,

193 640 294 695 utrum
314 633 471 694 Romanos
490 646 531 692 an
550 629 721 708 Philippum
740 647 950 708 sequeremur.
981 631 1055 692 nihil
1075 640 1173 694 metus

184 732 345 793 ,praesens
366 717 405 777 ab
426 715 571 778 Romanis
592 715 758 776 sententias
785 723 908 778 nostras
933 715 1098 778 inclinarit=
1120 717 1175 778 fruit

195 807 277 862 certe
291 808 390 862 tamen
405 799 535 876 aliquid,
561 799 645 874 quod
658 805 719 860 tarn
732 800 853 876 longam
869 800 1119 862 deliberationem
1132 801 1174 884 ta-

195 892 293 956 cerem
314 885 346 946 id
363 885 448 959 quod
462 890 527 945 erat
541 890 664 944 vetusta
677 882 849 946 coniunctio
865 899 934 945 cum
943 883 1174 959 Macedonibus,

195 977 301 1029 vetera
315 975 345 1029 et
358 983 469 1042 magna
482 966 513 1028 in
529 982 587 1027 uos
602 981 708 1042 regum
722 968 838 1028 merita
859 969 982 1030 valeant
992 975 1023 1028 ei
1033 982 1114 1028 nunc
1125 983 1173 1028 ea-

196 1052 266 1112 dem
281 1052 339 1124 llla,
358 1068 419 1112 non
430 1057 465 1110 ut
475 1049 642 1127 praecipue
653 1051 750 1123 amici,
767 1053 823 1112 sed
835 1068 873 1112 ne
884 1051 1050 1128 praecipue
1063 1050 1175 1112 inimici

195 1135 302 1198 simus,
324 1150 364 1194 na
378 1135 409 1195 id
424 1135 508 1210 quod
522 1150 583 1196 non
595 1134 703 1211 agitur,
716 1135 900 1209 Callicrates,
915 1135 1174 1196 simidavcrimusz

195 1234 232 1279 ac
252 1234 343 1280 nemo
365 1233 465 1278 novae
487 1218 641 1279 societatis
657 1224 709 1279 aut
723 1219 796 1280 novi
809 1219 961 1294 incderiS,
982 1237 1043 1296 quo
1059 1226 1173 1280 nos-te-

193 1317 277 1364 mere
291 1302 451 1378 illigamus,
468 1301 684 1364 conscribendi
695 1311 742 1364 est
755 1310 878 1374 auctam
893 1303 951 1365 sed
962 1303 1174 1366 commercium

194 1393 311 1447 mutum
325 1385 400 1447 iuris
415 1387 584 1460 praebendi
598 1387 821 1464 repetendique
834 1387 888 1462 sit,
910 1403 949 1449 ne
963 1387 1175 1448 interdictione

194 1470 299 1530 finium
320 1476 444 1531 nosnos
460 1486 585 1546 quoqne
600 1478 630 1531 et
644 1486 702 1531 nos
716 1486 812 1546 regno
827 1487 1002 1546 arceamus,
1023 1487 1062 1531 ne
1077 1471 1174 1532 servis

195 1554 309 1614 nostris
331 1554 434 1629 aliquo
456 1555 563 1628 lugere
584 1554 681 1616 liceat.
712 1554 860 1632 quidhoc
874 1555 1024 1616 adversus
1038 1556 1176 1616 Romana

194 1637 322 1699 foedera
345 1643 412 1698 esti
445 1636 519 1713 quid
543 1653 607 1698 rcrn
635 1653 761 1714 parvam
782 1647 812 1700 et
830 1645 966 1715 apertam
986 1654 1126 1713 magnam
1146 1644 1176 1698 et

169 1800 171 1804 y
195 1729 370 1796 suspectam
393 1721 543 1782 iacimust
564 1722 638 1798 quid
659 1739 755 1783 vanos
775 1724 920 1785 tumultus
940 1723 1080 1802 ciamus?
1102 1721 1176 1798 quid

194 1812 227 1866 ut
241 1805 301 1880 ipsi
319 1807 420 1866 locum
442 1804 624 1868 adsentandi
637 1807 783 1868 Romanis
805 1807 987 1882 habeamus,
1008 1813 1174 1882 suspectos

195 1889 273 1949 alios
298 1887 479 1964 invisosque
505 1889 677 1952 efficimus?
708 1891 736 1952 si
755 1892 868 1952 bellum
887 1890 958 1967 erit,
982 1905 1022 1951 ne
1041 1889 1175 1951 Perseus

196 1971 319 2048 quidem
340 1971 471 2046 dubitat,
496 1973 568 2048 quin
581 1975 738 2036 Romanos
760 1973 894 2036 secuturi
915 1975 1021 2036 simus.
1053 1973 1176 2051 inpane

195 2055 408 2118 etiamsinon
431 2057 503 2117 odia
522 2057 680 2130 finiuntur,
702 2059 962 2133 intermittantur.“
995 2074 1064 2120 cum
1085 2059 1176 2118 iidem

193 2139 265 2202 huic
282 2138 426 2214 orationi,
448 2141 501 2216 qui
517 2141 623 2204 litteris
637 2144 719 2220 regis
735 2143 860 2204 adsensi
873 2150 972 2218 erant,
987 2142 1177 2206 adsentiren-

194 2233 251 2312 tur,
267 2224 474 2300 indignatione
488 2225 678 2302 principum,
690 2228 774 2302 quod
789 2245 881 2304 quam
893 2243 959 2288 rem
972 2243 1012 2288 ne
1025 2227 1177 2302 legatione

195 2307 320 2383 quidem
336 2308 459 2384 dignam
472 2309 641 2375 iudicasset
648 2310 791 2385 Perseus,
807 2312 913 2373 litteris
924 2327 1093 2387 paucorum
1107 2326 1176 2372 ver-

195 2408 286 2452 suum
299 2393 482 2468 impetraret,
497 2393 654 2456 decretum
668 2392 815 2456 differtur.
838 2394 930 2471 legati
945 2395 1056 2456 deinde
1068 2401 1177 2470 postea

194 2475 280 2536 missi
301 2475 339 2535 ab
354 2491 442 2551 rege,
463 2491 532 2536 cum
545 2477 731 2555 Megalopoli
745 2479 908 2541 concilium
923 2487 1022 2549 essem
1044 2478 1178 2552 dataque

195 2573 292 2634 opera
306 2566 354 2620 est
365 2558 403 2620 ab
414 2557 461 2632 iis,
480 2559 533 2637 qui
544 2561 747 2625 offensionem
758 2564 844 2640 apud
854 2563 1011 2625 Romanos
1021 2561 1176 2636 timebant,

194 2657 235 2702 ne
247 2643 487 2706 admitterentur.

278 2727 371 2798 XXV.
393 2727 452 2798 Per
471 2727 548 2790 haec
567 2737 707 2807 tempora
719 2711 899 2794 delatorum
920 2732 950 2791 in
970 2736 1068 2792 semet
1087 2729 1176 2805 ipsos

194 2825 304 2872 versus
326 2813 411 2874 luror
432 2813 543 2874 mutuis
559 2815 704 2876 caedibus
720 2814 761 2874 ad
775 2815 1012 2882 internecionem
1026 2813 1176 2873 adductu-

194 2909 247 2952 rus
273 2894 433 2956 videbatur
452 2903 583 2971 geniem.
616 2899 691 2961 lessi
712 2898 825 2959 deinde
847 2907 878 2960 et
896 2900 1024 2960 Romam
1045 2903 1177 2971 utraque

195 2991 269 3050 pars
288 2976 436 3040 miserunt
455 2980 588 3056 legatos,
610 2988 640 3041 et
660 2983 738 3042 inter
758 2999 793 3044 sc
814 2983 874 3058 ipsi
895 2983 934 3043 de
950 2980 1178 3043 reconcilianda

195 3061 362 3121 concordia
382 3062 530 3136 agebant;
553 3080 632 3141 quae
653 3083 734 3128 novo
749 3068 885 3128 facinore
900 3065 1043 3126 discussa
1057 3080 1108 3125 res
1123 3079 1177 3124 ve·-

194 3149 276 3204 teres
291 3143 381 3206 etiam
394 3145 457 3218 iras
468 3148 620 3209 excitavit.
644 3149 802 3211 exsulibus
813 3149 991 3228 Hypataeis,
1007 3148 1059 3227 qui
1070 3148 1176 3209 lactio-

194 3225 243 3288 nis
257 3227 388 3290 Proxeni
402 3237 497 3306 erant,
513 3247 582 3294 cum
595 3232 712 3294 reditus
727 3234 757 3293 in
770 3235 897 3310 patriam
909 3233 1080 3311 promissus
1091 3237 1179 3294 essct

194 3310 337 3390 fidesque
357 3314 429 3375 data
448 3330 505 3390 per
518 3317 688 3393 principem
703 3316 832 3379 civitatis
847 3317 1064 3396 Eupolemum,
1089 3321 1176 3376 octo·

194 3395 278 3472 ginta
292 3398 594 3475 illustres'homines,
612 3401 723 3478 quibus
737 3403 936 3465 redeuntibus
950 3402 1029 3482 inter
1043 3408 1178 3461 ceteram
