2598 3956
196 192 255 256 142
395 189 511 252 llBElt
521 190 609 250 llLll.
633 189 715 251 CAP.
728 199 770 250 15.
793 191 829 268 [a.
843 194 866 248 U
880 211 903 248 c.
915 193 977 267 580]

192 343 318 421 populis
331 343 427 405 Asiae
444 372 481 388 -
499 356 570 402 nam
590 355 628 401 eo
644 353 771 417 quoque
784 339 845 400 iarn
859 339 947 400 iavor
959 337 1064 398 Persei
1080 354 1175 400 vene-

192 436 286 490 rat-
310 427 478 488 orationem
499 424 620 498 habuit,
649 430 784 484 ceterum
804 421 935 484 invisam
951 421 1070 483 senatui
1084 422 1175 484 inuti·

193 513 315 589 'emque
328 507 389 572 sibi
402 518 433 571 et
446 508 558 571 erriuti
572 523 658 569 suae.
685 505 812 569 Eumeni
826 521 902 568 vero
916 504 1105 582 conspiratio
1120 508 1174 570 ad·

192 611 303 657 versus
324 610 394 656 eum
415 593 554 654 favorem
568 591 653 668 apud
666 592 822 652 Romanos
844 591 924 651 lecit
953 591 994 651 ita
1016 605 1124 652 omnes
1145 592 1172 650 ei

192 679 327 742 honores
342 677 445 752 babiti,
461 677 605 752 donaque
620 691 711 751 quam
724 674 914 751 amplissima
927 673 998 735 data
1013 689 1083 734 oum
1097 676 1174 736 sella
1294 707 1298 734 ι

193 761 290 825 curuli
305 768 399 838 atque
412 761 548 823 eburneo
563 758 712 836 scipione.

275 846 342 908 XV.
369 843 587 920 legationibus
608 841 744 905 dimissis
772 857 841 903 curn
860 842 1030 917 Harpalus,
1061 850 1175 918 quanta

192 931 326 992 maxima
340 928 495 990 celeritate
507 934 636 1005 poterat,
651 941 814 1002 regressus
829 924 860 987 in
870 923 1084 986 Macedoniam
1096 943 1172 988 nun·

190 1014 300 1076 tiasset
312 1013 379 1088 regi
393 1011 529 1072 nondum
544 1008 667 1087 quidem
681 1017 824 1086 parantes
835 1008 951 1070 bellurn
963 1008 1126 1086 reliquisse
1138 1025 1174 1071 se

191 1098 358 1170 Romanos,
374 1095 431 1156 sed
445 1095 487 1156 ita
500 1093 639 1168 infestos,
655 1100 689 1155 ut
703 1093 793 1155 facile
807 1099 973 1170 appareret
986 1110 1048 1156 non
1063 1092 1173 1154 dilatu-

191 1197 262 1254 ros,
285 1187 315 1241 et
328 1180 412 1256 ipse,
435 1184 650 1254 praeterquam
672 1178 756 1254 quod
769 1185 801 1240 et
815 1177 857 1238 ita
872 1177 1017 1238 credebat
1031 1178 1173 1252 loturum,

192 1265 251 1326 iam
278 1264 369 1326 etiam
396 1264 534 1338 volebat,
568 1263 598 1323 in
628 1260 706 1324 flore
732 1261 843 1323 virium
870 1277 905 1322 se
931 1261 1063 1324 credens
1090 1276 1173 1322 csse.

191 1347 320 1411 Eumeni
341 1354 411 1409 ante
431 1362 538 1408 omnes
559 1347 690 1408 infestus
711 1354 791 1418 erat;
816 1360 835 1406 a
856 1344 944 1406 cuius
960 1347 1109 1422 sanguine
1124 1361 1173 1407 or-

192 1433 281 1494 diens
296 1431 425 1505 bellum,
447 1430 625 1492 Euandmm
639 1429 831 1504 cretensem,
854 1428 964 1491 ducem
979 1429 1171 1502 auxiliorum,

191 1524 222 1578 et
235 1516 424 1577 Macedonas
444 1522 506 1576 tres
528 1514 675 1576 adsuetos
695 1512 869 1575 ministeriis
884 1512 987 1574 talium
1004 1513 1172 1577 facinorum

190 1598 232 1660 ad
253 1599 380 1659 eaedem
399 1598 483 1675 regis
504 1597 667 1672 subornat,
688 1598 865 1674 litterasque
887 1597 933 1657 eis
954 1598 1059 1659 datad
1073 1598 1172 1659 Praxo

191 1683 361 1761 hospitam,
389 1681 561 1759 principem
588 1681 767 1742 auctoritate
788 1689 819 1743 et
839 1680 953 1758 opibus
973 1681 1172 1758 Delphorum.

192 1767 268 1830 satis
288 1766 451 1828 constabat
469 1765 645 1842 Eumenem,
672 1774 707 1827 ut
726 1765 915 1827 sacrificaret
927 1763 1081 1841 Apollini,
1102 1765 1172 1826 Del·

179 1850 272 1926 'phos
287 1864 498 1912 escensurum.
521 1849 697 1926 praegressi
719 1865 788 1912 oum
808 1848 956 1911 Euandro
976 1847 1172 1912 insidiatores
1293 1873 1294 1882 ι

190 1934 264 1995 nihil
286 1933 369 1994 aliud
390 1935 429 1995 ad
449 1934 660 2010 peragendum
673 1934 828 2010 inceptum
844 1949 936 2010 quarn
950 1933 1010 1995 loci
1026 1941 1172 2010 opportu-
1295 1943 1296 1986 1

191 2018 324 2091 nitatem,
340 2018 442 2078 omnin
457 2017 696 2093 circumeuntes,
712 2016 911 2094 quaerebant.-
933 2017 1171 2079 escendentibus

191 2101 232 2161 ad
252 2101 397 2176 templum
424 2101 582 2177 acirrhe,
611 2103 791 2180 priusquam
818 2102 1029 2178 perveniretur
1050 2100 1090 2162 ad
1113 2101 1172 2161 ire-

191 2184 318 2262 qnentiu
330 2185 481 2247 aedificiis
497 2188 579 2260 loca,
601 2185 735 2248 maceria
749 2192 816 2248 erat
830 2186 869 2247 ab
883 2187 973 2246 laeva
985 2185 1016 2246 in
1032 2186 1172 2247 semitam

191 2269 314 2345 paulum
334 2277 505 2331 exstantem
526 2288 545 2331 a
565 2270 763 2333 fundamento
786 2287 847 2347 qua
867 2266 979 2344 singull
998 2269 1171 2341 transirent,

191 2353 299 2412 dextra
314 2368 386 2428 pars
408 2352 477 2414 labe
494 2351 597 2414 'terrae
611 2354 642 2414 in
656 2354 845 2428 aliquantum
860 2353 1027 2414 altitudinis
1042 2353 1173 2429 derupta

190 2443 265 2496 erat.
295 2441 366 2511 post
385 2437 549 2498 maceriam
568 2451 604 2498 se
625 2437 808 2498 abdiderunt
828 2436 975 2512 gradibus
996 2437 1171 2510 adstructis,

190 2524 223 2578 nt
243 2534 283 2578 ex
305 2533 343 2578 ea
362 2520 446 2582 velut
466 2536 484 2581 e
504 2535 591 2580 muro
605 2521 666 2582 tela
679 2518 710 2581 in
725 2527 969 2597 praetereuntem
985 2521 1171 2584 conicerent.

190 2601 288 2678 primo
315 2602 435 2664 amari
468 2603 653 2666 circumfusa
679 2604 769 2667 turba
796 2605 962 2672 amicorum
989 2620 1027 2666 ac
1060 2606 1172 2666 satelli-

191 2693 252 2747 tum
275 2687 478 2763 procedebat,
498 2686 612 2750 deiude
631 2690 837 2751 extenuabant
851 2690 997 2766 paulatim
1011 2689 1173 2765 angustiae

190 2785 310 2846 agmen.
332 2771 384 2833 ubi
399 2772 438 2833 ad
453 2787 523 2834 eum
538 2773 640 2834 locum
654 2780 780 2835 ventum
794 2780 852 2848 ast,
874 2788 937 2850 qua
951 2771 1082 2850 singulis
1097 2789 1172 2834 eun·

190 2853 263 2914 dum
271 2861 357 2928 erat,
380 2855 496 2931 primus
518 2856 657 2920 semitam
677 2857 838 2934 inpressos
851 2855 1017 2919 Pantaleon
1032 2856 1173 2917 Aetoliae
1295 2891 1296 2924 ι

190 2937 351 3015 princeps,
374 2952 443 3001 cum
465 2955 527 3015 quo
548 2939 704 3004 institutus
724 2939 791 3017 regi
806 2956 908 3003 sermo
923 2947 998 3003 erat
1019 2948 1083 3003 tum
1098 2939 1172 3000 insi·
1295 2957 1296 3034 ι

188 3018 326 3082 diatores
340 3021 439 3083 exorti
460 3037 538 3083 saxa
552 3023 613 3086 dno
628 3024 762 3100 ingentia
776 3025 957 3098 devolvunt,
982 3040 1115 3104 quorum
1130 3024 1172 3084 al·

189 3108 256 3163 tero
272 3110 365 3180 caput
377 3103 471 3167 ictum
485 3113 533 3168 est
546 3108 622 3185 regi,
638 3110 733 3170 altero
747 3107 912 3180 irumerus;
934 3110 1118 3187 sopitusque
1133 3123 1172 3170 ex

189 3186 299 3248 semita
319 3187 450 3263 proclivi
471 3189 531 3252 ruit
550 3189 580 3252 in
604 3191 738 3266 declive,
761 3194 862 3254 multis
882 3208 978 3271 super
991 3195 1172 3271 prolapsum

189 3268 248 3329 iam
264 3272 351 3332 saxis
366 3271 532 3349 congestis.
562 3283 593 3337 et
606 3277 699 3336 ceteri
716 3274 840 3353 quidem
854 3277 945 3340 etiam
961 3277 1128 3340 amicorum
1143 3284 1174 3334 et

188 3351 363 3431 satellitum,
382 3363 546 3434 postquam
561 3359 721 3422 cadentem
736 3359 851 3437 uidere,
865 3359 1044 3437 diffusione
1064 3359 1172 3420 Panta-

189 3437 259 3499 leon
273 3447 449 3502 constanter
461 3442 636 3520 impavidus
646 3445 757 3507 mansit
770 3445 811 3507 ad
823 3445 1045 3523 proterendum
1056 3457 1183 3520 regem:
