2574 3954
341 197 456 257 LIBER
469 197 559 257 XLV.
581 197 663 258 CAP.
675 206 704 260 4·
714 207 740 258 5.
763 203 799 272 [a.
815 204 847 257 C.
860 205 921 271 168]
1051 197 1111 261 257

129 360 296 430 postquam
310 366 413 425 regem
426 351 537 411 Persea
550 350 770 412 consuliPaulo
785 352 913 412 salutem
926 351 1006 426 legit,
1022 352 1111 411 mise·
1218 363 1221 368 ’

128 437 277 497 rationem
292 449 412 496 omnem
420 434 544 494 stultitia
556 432 724 508 ignorantis
731 436 883 496 fortunam
895 450 981 495 snam
989 436 1110 495 exemit.

128 521 233 596 itaque
246 533 432 594 quamquam
444 518 473 576 in
481 517 598 592 reliqua
605 525 691 593 parte
699 518 863 580 litterarum
872 517 995 580 minime
1007 519 1112 594 regiae
1124 547 1125 550 ¹

128 616 240 679 preces
253 609 347 677 erant,
360 608 460 662 tamen
475 601 701 676 sineresponso
709 616 745 660 ao
752 601 820 662 sine
828 602 936 663 litteris
948 617 986 662 ea
998 602 1110 678 legatio

129 685 319 746 dimissaest.
339 682 1109 747 sensitPerseuscuiusnominisobliviscendumvi·

127 776 179 830 cto
193 776 294 830 esset:
309 768 414 843 itaque
426 768 540 828 alterae
553 767 670 828 litterae
681 783 749 828 cum
766 768 1012 844 privatinominis
1022 769 1109 830 titulo

126 855 242 914 missae
254 860 285 914 et
297 851 414 928 petiere
426 851 672 927 etimpetravere,
686 859 719 912 ut
730 851 822 926 aliqui
830 853 869 912 ad
881 867 951 912 eum
957 852 1109 912 mitteren-

125 944 184 1010 tur,
198 951 267 996 cum
283 934 394 1010 quibus
408 933 493 1010 loqui
505 936 546 995 de
558 942 639 996 statu
651 942 682 994 et
693 935 873 996 condicione
881 951 956 996 snae
969 935 1109 996 fortunae

126 1026 244 1096 posset.
262 1017 426 1080 missisunt
433 1024 495 1079 tres
502 1018 602 1093 legati,
609 1017 837 1080 P4LentulusA.
844 1017 1109 1080 Postumiushlhi-

125 1102 400 1164 nusA.Antonins.
415 1101 489 1161 nihil
502 1115 539 1161 ea
546 1102 696 1177 legatione
701 1102 870 1177 perlectum
879 1109 926 1163 est
935 1100 1049 1163 Perseo
1061 1117 1108 1162 re

125 1188 209 1262 glum
221 1201 333 1246 nomen
346 1185 428 1246 omni
438 1186 468 1244 vi
477 1185 687 1260 amplectente,
699 1184 1109 1260 Paulontsesoaqueomnia

125 1269 156 1330 in
172 1270 264 1330 iidem
279 1269 944 1345 etclementiampopuliRomanipermitteret
956 1268 1107 1334 tendente.

208 1354 246 1412 V.
267 1353 345 1414 Dum
361 1352 437 1413 haec
452 1359 590 1427 aguntur,
606 1353 716 1413 classis
732 1351 783 1413 Cn.
800 1351 916 1412 Octavii
932 1351 1107 1412 Samothra·

126 1452 196 1496 cam
217 1443 266 1496 est
285 1437 427 1512 appulsa.
462 1437 489 1496 is
508 1451 635 1512 qnoque
657 1435 812 1512 praesenti
839 1437 962 1496 admoto
991 1442 1108 1496 terrom

125 1519 219 1580 modo
231 1519 324 1580 minis
338 1519 431 1581 modo
446 1535 504 1595 spe
520 1521 683 1595 perlicere,
705 1526 738 1580 ut
751 1535 787 1580 se
800 1519 949 1593 traderet,
970 1533 1039 1580 cum
1055 1534 1107 1581 co·

126 1611 264 1676 nocetur,
290 1601 407 1663 adiuvit
427 1603 455 1664 in
477 1603 537 1664 hoc
557 1618 627 1664 eum
641 1618 693 1665 res
708 1619 765 1664 sen
779 1619 855 1664 casu
876 1608 1031 1664 contracta
1051 1618 1107 1664 seu

126 1685 267 1747 consilio.
301 1687 333 1746 L.
350 1685 460 1746 Atilius
475 1685 602 1748 illustris
623 1687 807 1749 adolescens
827 1702 896 1749 cum
920 1686 1107 1748 incautione

125 1783 199 1834 asse
212 1772 360 1844 populum
382 1769 613 1831 Samothracum
629 1771 762 1832 animum
782 1771 980 1844 advertisset,
1001 1785 1021 1828 a
1044 1786 1108 1830 ma·

124 1851 302 1928 gistratibus
324 1853 421 1929 petiit,
444 1853 549 1914 nisibi
566 1854 673 1928 paucis
694 1853 881 1930 adloquendi
900 1853 1005 1930 populi
1020 1861 1106 1928 pote·

125 1942 233 1996 statem
250 1936 394 1998 lacerent.
426 1937 595 2013 permisso,
616 1944 743 2011 „utrum
756 1955 825 2010 nos,
843 1937 984 2012 hospites
1000 1935 1107 1997 Samo·

125 2019 256 2094 thraces
272 2034 346 2081 vere
360 2021 541 2097 accepimus
550 2036 588 2080 an
604 2022 692 2094 laiso,
709 2037 828 2082 sacram
842 2020 921 2081 hanc
935 2021 1065 2080 insulam
1077 2029 1105 2082 et

125 2104 250 2180 angusti
267 2110 362 2165 totam
383 2113 475 2180 atque
495 2103 631 2165 inviolati
653 2105 712 2165 soli
735 2108 852 2164 essel“
882 2119 951 2166 cum
972 2103 1107 2164 creditae

126 2188 276 2248 sanctitati
291 2188 516 2253 adsentirentur
530 2203 646 2260 omnes,
661 2203 737 2262 „cur
754 2188 863 2261 igitur‘
878 2188 978 2262 inquit
990 2184 1107 2260 „pollui

125 2285 193 2330 eam
213 2269 366 2331 homicida
388 2268 427 2309 **
448 2269 599 2347 sanguine
621 2270 704 2346 regis
731 2269 876 2331 Eumenis
900 2270 1041 2332 violavta
1077 2277 1108 2329 et

125 2368 195 2413 cum
210 2354 309 2414 omnis
325 2355 472 2430 praelatio
488 2369 647 2416 sacrorum
658 2369 714 2415 eos
731 2354 842 2429 quibus
857 2369 919 2415 non
935 2354 996 2415 sint
1010 2366 1106 2428 purae

125 2447 233 2496 manus
255 2438 352 2498 sacris
372 2445 488 2508 arceat,
516 2453 572 2498 vos
598 2437 765 2513 penetralia
783 2445 887 2500 vestra
908 2436 1106 2500 contaminari

124 2527 251 2581 cruento
266 2521 392 2582 latronis
408 2536 539 2598 corpore
553 2521 700 2582 sinetist“
724 2519 836 2584 nobilis
848 2522 930 2582 fama
943 2528 1009 2584 erat
1023 2520 1106 2596 apud

124 2618 232 2664 omnes
253 2604 401 2664 Graeciae
421 2606 558 2666 civitates
582 2606 726 2666 Eumenis
751 2606 834 2681 regis
854 2621 911 2682 per
929 2605 1106 2667 Euandrum

123 2686 252 2760 Delphis
279 2702 377 2764 prope
403 2696 577 2763 perpetrata
598 2688 721 2750 caedes.
756 2688 861 2765 itaque
891 2697 1105 2766 praeterquam

125 2769 208 2843 quod
231 2768 261 2828 in
281 2775 433 2845 potestate
447 2773 653 2834 Romanorum
674 2789 745 2833 sese
760 2773 953 2848 insulamque
967 2778 1059 2832 totam
1076 2778 1106 2829 et

122 2853 269 2928 templum
285 2853 451 2913 cemehant
465 2869 551 2930 esse,
572 2863 611 2916 ne
624 2856 772 2917 immerito
789 2856 911 2932 quidem
927 2871 964 2914 ea
978 2853 1037 2914 sibi
1052 2867 1105 2912 ex·

122 2933 263 3012 probrari
282 2938 354 3013 rati,
375 2935 555 3013 Theondan,
577 2939 631 3015 qni
651 2957 788 3002 summus
809 2941 1003 3015 magistratus
1022 2936 1104 3014 apud

123 3035 178 3080 eos
193 3028 311 3083 erat-
324 3036 428 3097 regem
449 3022 509 3098 ipsi
530 3025 686 3100 appellant
705 3060 762 3099 -,
784 3025 823 3085 ad
844 3023 957 3085 Persea
975 3022 1104 3094 mittunt,

113 3105 175 3179 ,qni
190 3107 343 3166 nuntiaret
355 3108 441 3182 argui
454 3105 558 3168 caedis
572 3107 748 3170 Euandrum
763 3109 947 3181 Cretensem,
963 3123 1035 3170 esse
1050 3121 1105 3166 au-
1139 3117 1141 3122 ’

125 3195 186 3248 tem
204 3188 317 3249 iudicia
331 3190 415 3264 apud
431 3207 502 3252 sese
521 3206 607 3252 more
627 3193 775 3253 maiorum
797 3198 973 3267 comparata
995 3192 1034 3251 de
1054 3187 1102 3256 iis,

122 3272 174 3346 qui
186 3271 320 3332 incestas
331 3285 439 3334 manus
450 3275 589 3336 intulisse
603 3275 681 3335 intra
692 3276 838 3337 terminos
850 3283 988 3336 sacratos
998 3269 1102 3346 templi

122 3353 271 3416 dicantur.
294 3355 320 3414 si
335 3355 506 3418 confideret
519 3357 662 3420 Euander
682 3357 839 3420 innoxium
854 3359 947 3419 senei
963 3356 1105 3431 capitalis
1134 3433 1138 3441 ἱ

122 3439 217 3512 argui,
232 3438 350 3498 veniret
363 3439 403 3581 ag
419 3455 542 3501 causam
558 3441 734 3502 dicendam:
757 3443 782 3502 si
805 3441 990 3584 committere
1006 3455 1040 3501 se
1056 3437 1109 3500 iu—

165 3539 192 3580 n.
207 3537 269 3581 nnn
283 3539 359 3582 raas
405 3568 411 3581 .
