<?xml version="1.0" encoding="UTF-8"?>
<!DOCTYPE html PUBLIC "-//W3C//DTD XHTML 1.0 Transitional//EN"
    "http://www.w3.org/TR/xhtml1/DTD/xhtml1-transitional.dtd">
<html xmlns="http://www.w3.org/1999/xhtml" xml:lang="en" lang="en">
 <head>
  <title>
</title>
<meta http-equiv="Content-Type" content="text/html;charset=utf-8" />
  <meta name='ocr-system' content='tesseract 3.04.00' />
  <meta name='ocr-capabilities' content='ocr_page ocr_carea ocr_par ocr_line ocrx_word'/>
</head>
<body>
  <div class='ocr_page' id='page_1' title='image "./aburbeconditali09livygoog_0032.png"; bbox 0 0 2592 3964; ppageno 0'>
   <div class='ocr_carea' id='block_1_1' title="bbox 198 227 1022 306">
    <p class='ocr_par' dir='ltr' id='par_1_1' title="bbox 198 227 1022 306">
     <span class='ocr_line' id='line_1_1' title="bbox 198 227 1022 306; baseline 0.002 -16"><span class='ocrx_word' id='word_1_1' title='bbox 198 227 220 290; x_wconf 73' lang='lat'><em>2</em></span> <span class='ocrx_word' id='word_1_2' title='bbox 358 227 474 289; x_wconf 81' lang='lat' dir='ltr'>LIBER</span> <span class='ocrx_word' id='word_1_3' title='bbox 487 227 619 288; x_wconf 85' lang='lat' dir='ltr'><strong>XXXIX.</strong></span> <span class='ocrx_word' id='word_1_4' title='bbox 643 228 725 288; x_wconf 81' lang='lat' dir='ltr'>cAP.</span> <span class='ocrx_word' id='word_1_5' title='bbox 743 236 804 289; x_wconf 76' lang='lat' dir='ltr'>l.2.</span> <span class='ocrx_word' id='word_1_6' title='bbox 827 229 863 306; x_wconf 81' lang='lat' dir='ltr'>[a.</span> <span class='ocrx_word' id='word_1_7' title='bbox 875 234 910 288; x_wconf 86' lang='lat' dir='ltr'>U.</span> <span class='ocrx_word' id='word_1_8' title='bbox 922 250 947 292; x_wconf 84' lang='lat' dir='ltr'>c.</span> <span class='ocrx_word' id='word_1_9' title='bbox 959 235 1022 302; x_wconf 79' lang='lat'>565]</span> 
     </span>
    </p>
   </div>
   <div class='ocr_carea' id='block_1_2' title="bbox 199 380 1184 542">
    <p class='ocr_par' dir='ltr' id='par_1_2' title="bbox 199 380 1184 542">
     <span class='ocr_line' id='line_1_2' title="bbox 199 380 1184 459; baseline 0.002 -16"><span class='ocrx_word' id='word_1_10' title='bbox 199 384 286 458; x_wconf 89' lang='lat' dir='ltr'>perio</span> <span class='ocrx_word' id='word_1_11' title='bbox 305 383 357 444; x_wconf 85' lang='lat' dir='ltr'>Cn.</span> <span class='ocrx_word' id='word_1_12' title='bbox 372 381 476 443; x_wconf 88' lang='lat' dir='ltr'>Manlii</span> <span class='ocrx_word' id='word_1_13' title='bbox 491 383 592 443; x_wconf 89' lang='lat' dir='ltr'>solute</span> <span class='ocrx_word' id='word_1_14' title='bbox 606 397 644 442; x_wconf 89' lang='lat' dir='ltr'>ac</span> <span class='ocrx_word' id='word_1_15' title='bbox 658 383 854 457; x_wconf 82' lang='lat' dir='ltr'>neglegenter</span> <span class='ocrx_word' id='word_1_16' title='bbox 868 380 962 442; x_wconf 89' lang='lat' dir='ltr'>habiti</span> <span class='ocrx_word' id='word_1_17' title='bbox 976 390 1056 441; x_wconf 88' lang='lat' dir='ltr'>sunt.</span> <span class='ocrx_word' id='word_1_18' title='bbox 1078 382 1184 459; x_wconf 81' lang='lat' dir='ltr'>itaque</span> 
     </span>
     <span class='ocr_line' id='line_1_3' title="bbox 200 464 1184 542; baseline 0 -16"><span class='ocrx_word' id='word_1_19' title='bbox 200 467 343 542; x_wconf 90' lang='lat' dir='ltr'>asperius</span> <span class='ocrx_word' id='word_1_20' title='bbox 358 467 452 542; x_wconf 90' lang='lat' dir='ltr'>paulo</span> <span class='ocrx_word' id='word_1_21' title='bbox 468 466 525 526; x_wconf 90' lang='lat' dir='ltr'>iter</span> <span class='ocrx_word' id='word_1_22' title='bbox 535 466 566 525; x_wconf 92' lang='lat' dir='ltr'>in</span> <span class='ocrx_word' id='word_1_23' title='bbox 577 465 705 526; x_wconf 88' lang='lat' dir='ltr'>Thracia</span> <span class='ocrx_word' id='word_1_24' title='bbox 716 473 746 526; x_wconf 89' lang='lat' dir='ltr'>et</span> <span class='ocrx_word' id='word_1_25' title='bbox 756 465 951 526; x_wconf 71' lang='lat' dir='ltr'>exercitatior</span> <span class='ocrx_word' id='word_1_26' title='bbox 961 464 1060 526; x_wconf 90' lang='lat' dir='ltr'>hostis</span> <span class='ocrx_word' id='word_1_27' title='bbox 1072 483 1184 542; x_wconf 88' lang='lat' dir='ltr'>magna</span> 
     </span>
    </p>
   </div>
   <div class='ocr_carea' id='block_1_3' title="bbox 200 547 1284 625">
    <p class='ocr_par' dir='ltr' id='par_1_3' title="bbox 200 547 1284 625">
     <span class='ocr_line' id='line_1_4' title="bbox 200 547 1284 625; baseline -0.002 -15"><span class='ocrx_word' id='word_1_28' title='bbox 200 551 288 610; x_wconf 87' lang='lat' dir='ltr'>clade</span> <span class='ocrx_word' id='word_1_29' title='bbox 303 565 359 610; x_wconf 89' lang='lat' dir='ltr'>eos</span> <span class='ocrx_word' id='word_1_30' title='bbox 375 549 546 625; x_wconf 76' lang='lat' dir='ltr'>castigavit</span> <span class='ocrx_word' id='word_1_31' title='bbox 568 548 599 610; x_wconf 89' lang='lat' dir='ltr'>iu</span> <span class='ocrx_word' id='word_1_32' title='bbox 610 547 773 624; x_wconf 86' lang='lat' dir='ltr'>Liguribus</span> <span class='ocrx_word' id='word_1_33' title='bbox 789 548 892 610; x_wconf 88' lang='lat' dir='ltr'>omnia</span> <span class='ocrx_word' id='word_1_34' title='bbox 905 557 1000 621; x_wconf 83' lang='lat' dir='ltr'>erant,</span> <span class='ocrx_word' id='word_1_35' title='bbox 1017 565 1096 623; x_wconf 88' lang='lat' dir='ltr'>quae</span> <span class='ocrx_word' id='word_1_36' title='bbox 1106 550 1183 611; x_wconf 92' lang='lat' dir='ltr'>mlli·</span> <span class='ocrx_word' id='word_1_37' title='bbox 1283 583 1284 588; x_wconf 21' lang='grc' dir='ltr'><strong>κ</strong></span> 
     </span>
    </p>
   </div>
   <div class='ocr_carea' id='block_1_4' title="bbox 165 632 1254 1545">
    <p class='ocr_par' dir='ltr' id='par_1_4' title="bbox 165 632 1254 1545">
     <span class='ocr_line' id='line_1_5' title="bbox 199 632 1184 708; baseline 0.001 -15"><span class='ocrx_word' id='word_1_38' title='bbox 199 642 260 693; x_wconf 90' lang='lat' dir='ltr'>tem</span> <span class='ocrx_word' id='word_1_39' title='bbox 275 634 458 708; x_wconf 78' lang='lat' dir='ltr'>excitarent,</span> <span class='ocrx_word' id='word_1_40' title='bbox 474 634 545 694; x_wconf 92' lang='lat' dir='ltr'>loca</span> <span class='ocrx_word' id='word_1_41' title='bbox 558 641 705 695; x_wconf 88' lang='lat' dir='ltr'>montana</span> <span class='ocrx_word' id='word_1_42' title='bbox 718 638 749 693; x_wconf 92' lang='lat' dir='ltr'>ct</span> <span class='ocrx_word' id='word_1_43' title='bbox 763 647 883 707; x_wconf 88' lang='lat' dir='ltr'>aspera,</span> <span class='ocrx_word' id='word_1_44' title='bbox 900 647 980 707; x_wconf 86' lang='lat' dir='ltr'>quae</span> <span class='ocrx_word' id='word_1_45' title='bbox 995 640 1026 692; x_wconf 90' lang='lat' dir='ltr'>et</span> <span class='ocrx_word' id='word_1_46' title='bbox 1040 632 1118 707; x_wconf 91' lang='lat' dir='ltr'>ipsis</span> <span class='ocrx_word' id='word_1_47' title='bbox 1133 649 1184 694; x_wconf 91' lang='lat' dir='ltr'>ca·</span> 
     </span>
     <span class='ocr_line' id='line_1_6' title="bbox 199 714 1184 792; baseline 0.001 -16"><span class='ocrx_word' id='word_1_48' title='bbox 199 731 275 792; x_wconf 89' lang='lat' dir='ltr'>pere</span> <span class='ocrx_word' id='word_1_49' title='bbox 295 716 383 777; x_wconf 89' lang='lat' dir='ltr'>labor</span> <span class='ocrx_word' id='word_1_50' title='bbox 403 725 468 778; x_wconf 89' lang='lat' dir='ltr'>erat</span> <span class='ocrx_word' id='word_1_51' title='bbox 488 723 520 778; x_wconf 89' lang='lat' dir='ltr'>et</span> <span class='ocrx_word' id='word_1_52' title='bbox 533 731 573 776; x_wconf 89' lang='lat' dir='ltr'>ex</span> <span class='ocrx_word' id='word_1_53' title='bbox 594 715 829 792; x_wconf 88' lang='lat' dir='ltr'>praeoccupatis</span> <span class='ocrx_word' id='word_1_54' title='bbox 850 714 974 776; x_wconf 91' lang='lat' dir='ltr'>deicere</span> <span class='ocrx_word' id='word_1_55' title='bbox 993 715 1130 786; x_wconf 86' lang='lat' dir='ltr'>hostem;</span> <span class='ocrx_word' id='word_1_56' title='bbox 1153 723 1184 777; x_wconf 89' lang='lat' dir='ltr'>et</span> 
     </span>
     <span class='ocr_line' id='line_1_7' title="bbox 199 797 1186 875; baseline 0 -15"><span class='ocrx_word' id='word_1_57' title='bbox 199 799 307 860; x_wconf 90' lang='lat' dir='ltr'>itinera</span> <span class='ocrx_word' id='word_1_58' title='bbox 327 800 439 874; x_wconf 89' lang='lat' dir='ltr'>ardua,</span> <span class='ocrx_word' id='word_1_59' title='bbox 465 807 609 875; x_wconf 88' lang='lat' dir='ltr'>angusta,</span> <span class='ocrx_word' id='word_1_60' title='bbox 636 800 747 860; x_wconf 83' lang='lat' dir='ltr'>intesta</span> <span class='ocrx_word' id='word_1_61' title='bbox 770 797 906 870; x_wconf 85' lang='lat' dir='ltr'>insidiis;</span> <span class='ocrx_word' id='word_1_62' title='bbox 934 798 1033 860; x_wconf 89' lang='lat' dir='ltr'>hostis</span> <span class='ocrx_word' id='word_1_63' title='bbox 1054 800 1132 860; x_wconf 90' lang='lat' dir='ltr'>levis</span> <span class='ocrx_word' id='word_1_64' title='bbox 1154 806 1186 860; x_wconf 90' lang='lat' dir='ltr'>et</span> 
     </span>
     <span class='ocr_line' id='line_1_8' title="bbox 165 883 1185 960; baseline 0 -17"><span class='ocrx_word' id='word_1_65' title='bbox 165 883 177 900; x_wconf 89' lang='lat'>&#39;</span> <span class='ocrx_word' id='word_1_66' title='bbox 199 885 292 944; x_wconf 90' lang='lat' dir='ltr'>velox</span> <span class='ocrx_word' id='word_1_67' title='bbox 310 884 547 960; x_wconf 77' lang='lat' dir='ltr'>strepentium,</span> <span class='ocrx_word' id='word_1_68' title='bbox 571 883 623 959; x_wconf 91' lang='lat' dir='ltr'>qui</span> <span class='ocrx_word' id='word_1_69' title='bbox 639 884 752 944; x_wconf 89' lang='lat' dir='ltr'>nullum</span> <span class='ocrx_word' id='word_1_70' title='bbox 767 899 898 958; x_wconf 89' lang='lat' dir='ltr'>usquam</span> <span class='ocrx_word' id='word_1_71' title='bbox 912 889 1048 957; x_wconf 87' lang='lat' dir='ltr'>tempus,</span> <span class='ocrx_word' id='word_1_72' title='bbox 1069 885 1185 943; x_wconf 92' lang='lat' dir='ltr'>nullum</span> 
     </span>
     <span class='ocr_line' id='line_1_9' title="bbox 199 967 1184 1042; baseline 0 -16"><span class='ocrx_word' id='word_1_73' title='bbox 199 969 301 1028; x_wconf 92' lang='lat' dir='ltr'>locum</span> <span class='ocrx_word' id='word_1_74' title='bbox 318 967 452 1041; x_wconf 91' lang='lat' dir='ltr'>quietum</span> <span class='ocrx_word' id='word_1_75' title='bbox 466 974 520 1028; x_wconf 89' lang='lat' dir='ltr'>aut</span> <span class='ocrx_word' id='word_1_76' title='bbox 533 983 676 1028; x_wconf 88' lang='lat' dir='ltr'>securum</span> <span class='ocrx_word' id='word_1_77' title='bbox 690 981 763 1028; x_wconf 89' lang='lat' dir='ltr'>esse</span> <span class='ocrx_word' id='word_1_78' title='bbox 777 967 906 1036; x_wconf 65' lang='lat' dir='ltr'>sinerem</span> <span class='ocrx_word' id='word_1_79' title='bbox 929 967 1118 1042; x_wconf 84' lang='lat' dir='ltr'>oppugnatio</span> <span class='ocrx_word' id='word_1_80' title='bbox 1131 982 1184 1026; x_wconf 91' lang='lat' dir='ltr'>ne·</span> 
     </span>
     <span class='ocr_line' id='line_1_10' title="bbox 202 1047 1183 1126; baseline 0 -15"><span class='ocrx_word' id='word_1_81' title='bbox 202 1047 340 1112; x_wconf 88' lang='lat' dir='ltr'>cessaria</span> <span class='ocrx_word' id='word_1_82' title='bbox 358 1049 543 1113; x_wconf 87' lang='lat' dir='ltr'>munitorum</span> <span class='ocrx_word' id='word_1_83' title='bbox 558 1052 768 1126; x_wconf 87' lang='lat' dir='ltr'>castellorum,</span> <span class='ocrx_word' id='word_1_84' title='bbox 788 1047 945 1112; x_wconf 90' lang='lat' dir='ltr'>laboriosa</span> <span class='ocrx_word' id='word_1_85' title='bbox 958 1051 1047 1110; x_wconf 89' lang='lat' dir='ltr'>simul</span> <span class='ocrx_word' id='word_1_86' title='bbox 1063 1047 1183 1125; x_wconf 88' lang='lat' dir='ltr'>pericu·</span> 
     </span>
     <span class='ocr_line' id='line_1_11' title="bbox 199 1132 1183 1212; baseline 0.001 -20"><span class='ocrx_word' id='word_1_87' title='bbox 199 1135 345 1208; x_wconf 86' lang='lat' dir='ltr'>losaque;</span> <span class='ocrx_word' id='word_1_88' title='bbox 368 1133 460 1212; x_wconf 92' lang='lat' dir='ltr'>inops</span> <span class='ocrx_word' id='word_1_89' title='bbox 470 1135 566 1210; x_wconf 90' lang='lat' dir='ltr'>regio,</span> <span class='ocrx_word' id='word_1_90' title='bbox 580 1149 660 1209; x_wconf 87' lang='lat' dir='ltr'>quae</span> <span class='ocrx_word' id='word_1_91' title='bbox 673 1132 861 1210; x_wconf 88' lang='lat' dir='ltr'>parsimonia</span> <span class='ocrx_word' id='word_1_92' title='bbox 871 1133 1054 1210; x_wconf 83' lang='lat' dir='ltr'>astringeret</span> <span class='ocrx_word' id='word_1_93' title='bbox 1064 1134 1183 1205; x_wconf 85' lang='lat' dir='ltr'>milites,</span> 
     </span>
     <span class='ocr_line' id='line_1_12' title="bbox 200 1215 1182 1294; baseline 0.001 -17"><span class='ocrx_word' id='word_1_94' title='bbox 200 1217 337 1293; x_wconf 85' lang='lat' dir='ltr'>praedae</span> <span class='ocrx_word' id='word_1_95' title='bbox 355 1215 440 1280; x_wconf 92' lang='lat' dir='ltr'>baud</span> <span class='ocrx_word' id='word_1_96' title='bbox 456 1220 582 1279; x_wconf 91' lang='lat' dir='ltr'>multum</span> <span class='ocrx_word' id='word_1_97' title='bbox 597 1219 768 1294; x_wconf 88' lang='lat' dir='ltr'>praeberet.</span> <span class='ocrx_word' id='word_1_98' title='bbox 801 1218 904 1293; x_wconf 90' lang='lat' dir='ltr'>itaque</span> <span class='ocrx_word' id='word_1_99' title='bbox 919 1233 980 1277; x_wconf 92' lang='lat' dir='ltr'>non</span> <span class='ocrx_word' id='word_1_100' title='bbox 994 1217 1058 1277; x_wconf 86' lang='lat' dir='ltr'>lixa</span> <span class='ocrx_word' id='word_1_101' title='bbox 1071 1233 1182 1293; x_wconf 79' lang='lat' dir='ltr'>seque</span> 
     </span>
     <span class='ocr_line' id='line_1_13' title="bbox 199 1300 1179 1377; baseline -0.002 -15"><span class='ocrx_word' id='word_1_102' title='bbox 199 1303 303 1376; x_wconf 86' lang='lat' dir='ltr'>batur,</span> <span class='ocrx_word' id='word_1_103' title='bbox 324 1318 386 1363; x_wconf 89' lang='lat' dir='ltr'>non</span> <span class='ocrx_word' id='word_1_104' title='bbox 407 1302 612 1363; x_wconf 89' lang='lat' dir='ltr'>iumentorum</span> <span class='ocrx_word' id='word_1_105' title='bbox 633 1303 745 1377; x_wconf 89' lang='lat' dir='ltr'>longus</span> <span class='ocrx_word' id='word_1_106' title='bbox 767 1302 844 1364; x_wconf 88' lang='lat' dir='ltr'>ordo</span> <span class='ocrx_word' id='word_1_107' title='bbox 859 1316 968 1377; x_wconf 84' lang='lat' dir='ltr'>agmen</span> <span class='ocrx_word' id='word_1_108' title='bbox 983 1300 1179 1362; x_wconf 89' lang='lat' dir='ltr'>extendebat.</span> 
     </span>
     <span class='ocr_line' id='line_1_14' title="bbox 199 1383 1182 1462; baseline 0 -18"><span class='ocrx_word' id='word_1_109' title='bbox 199 1385 274 1444; x_wconf 88' lang='lat' dir='ltr'>nihil</span> <span class='ocrx_word' id='word_1_110' title='bbox 288 1393 412 1462; x_wconf 88' lang='lat' dir='ltr'>praeter</span> <span class='ocrx_word' id='word_1_111' title='bbox 421 1402 507 1446; x_wconf 90' lang='lat' dir='ltr'>arma</span> <span class='ocrx_word' id='word_1_112' title='bbox 518 1392 549 1447; x_wconf 91' lang='lat' dir='ltr'>ct</span> <span class='ocrx_word' id='word_1_113' title='bbox 558 1385 643 1447; x_wconf 88' lang='lat' dir='ltr'>viros</span> <span class='ocrx_word' id='word_1_114' title='bbox 656 1401 775 1447; x_wconf 91' lang='lat' dir='ltr'>omnem</span> <span class='ocrx_word' id='word_1_115' title='bbox 788 1401 876 1462; x_wconf 85' lang='lat' dir='ltr'>sporn</span> <span class='ocrx_word' id='word_1_116' title='bbox 886 1383 918 1445; x_wconf 91' lang='lat' dir='ltr'>in</span> <span class='ocrx_word' id='word_1_117' title='bbox 929 1384 1023 1445; x_wconf 90' lang='lat' dir='ltr'>armis</span> <span class='ocrx_word' id='word_1_118' title='bbox 1034 1384 1182 1446; x_wconf 88' lang='lat' dir='ltr'>trabentes</span> 
     </span>
     <span class='ocr_line' id='line_1_15' title="bbox 200 1466 1254 1545; baseline 0.002 -17"><span class='ocrx_word' id='word_1_119' title='bbox 200 1475 274 1529; x_wconf 89' lang='lat' dir='ltr'>erat.</span> <span class='ocrx_word' id='word_1_120' title='bbox 306 1484 364 1530; x_wconf 90' lang='lat' dir='ltr'>nec</span> <span class='ocrx_word' id='word_1_121' title='bbox 385 1470 492 1532; x_wconf 89' lang='lat' dir='ltr'>deerat</span> <span class='ocrx_word' id='word_1_122' title='bbox 512 1485 657 1545; x_wconf 89' lang='lat' dir='ltr'>umquam</span> <span class='ocrx_word' id='word_1_123' title='bbox 679 1485 748 1530; x_wconf 90' lang='lat' dir='ltr'>cum</span> <span class='ocrx_word' id='word_1_124' title='bbox 770 1469 807 1529; x_wconf 93' lang='lat' dir='ltr'>iis</span> <span class='ocrx_word' id='word_1_125' title='bbox 827 1471 876 1528; x_wconf 92' lang='lat' dir='ltr'>vel</span> <span class='ocrx_word' id='word_1_126' title='bbox 896 1466 1023 1530; x_wconf 84' lang='lat' dir='ltr'>materia</span> <span class='ocrx_word' id='word_1_127' title='bbox 1042 1468 1113 1528; x_wconf 90' lang='lat' dir='ltr'>belli</span> <span class='ocrx_word' id='word_1_128' title='bbox 1133 1468 1183 1528; x_wconf 91' lang='lat' dir='ltr'>vcl</span> <span class='ocrx_word' id='word_1_129' title='bbox 1251 1523 1254 1530; x_wconf 79' lang='grc'>,</span> 
     </span>
    </p>
   </div>
   <div class='ocr_carea' id='block_1_5' title="bbox 200 1550 1268 1628">
    <p class='ocr_par' dir='ltr' id='par_1_5' title="bbox 200 1550 1268 1628">
     <span class='ocr_line' id='line_1_16' title="bbox 200 1550 1268 1628; baseline -0.004 -14"><span class='ocrx_word' id='word_1_130' title='bbox 200 1567 311 1625; x_wconf 87' lang='lat' dir='ltr'>causa,</span> <span class='ocrx_word' id='word_1_131' title='bbox 332 1553 552 1628; x_wconf 82' lang='lat' dir='ltr'>quiapropter</span> <span class='ocrx_word' id='word_1_132' title='bbox 572 1553 772 1613; x_wconf 85' lang='lat' dir='ltr'>domesticam</span> <span class='ocrx_word' id='word_1_133' title='bbox 793 1552 927 1627; x_wconf 91' lang='lat' dir='ltr'>inopiam</span> <span class='ocrx_word' id='word_1_134' title='bbox 948 1550 1068 1613; x_wconf 90' lang='lat' dir='ltr'>vicinos</span> <span class='ocrx_word' id='word_1_135' title='bbox 1089 1566 1182 1626; x_wconf 82' lang='lat' dir='ltr'>agros</span> <span class='ocrx_word' id='word_1_136' title='bbox 1264 1581 1268 1590; x_wconf 39' lang='grc' dir='ltr'><strong><em>ι</em></strong></span> 
     </span>
    </p>
   </div>
   <div class='ocr_carea' id='block_1_6' title="bbox 199 1635 1183 1878">
    <p class='ocr_par' dir='ltr' id='par_1_6' title="bbox 199 1635 1183 1878">
     <span class='ocr_line' id='line_1_17' title="bbox 199 1635 1182 1777; baseline -0.001 -83"><span class='ocrx_word' id='word_1_137' title='bbox 199 1635 407 1777; x_wconf 54' lang='lat' dir='ltr'>incursabant</span> <span class='ocrx_word' id='word_1_138' title='bbox 439 1651 498 1697; x_wconf 91' lang='lat' dir='ltr'>nec</span> <span class='ocrx_word' id='word_1_139' title='bbox 518 1643 619 1697; x_wconf 88' lang='lat' dir='ltr'>tamen</span> <span class='ocrx_word' id='word_1_140' title='bbox 634 1635 665 1695; x_wconf 95' lang='lat' dir='ltr'>in</span> <span class='ocrx_word' id='word_1_141' title='bbox 680 1635 845 1696; x_wconf 87' lang='lat' dir='ltr'>discrimen</span> <span class='ocrx_word' id='word_1_142' title='bbox 861 1650 997 1696; x_wconf 91' lang='lat' dir='ltr'>summae</span> <span class='ocrx_word' id='word_1_143' title='bbox 1011 1650 1111 1695; x_wconf 90' lang='lat' dir='ltr'>rerum</span> <span class='ocrx_word' id='word_1_144' title='bbox 1126 1651 1182 1709; x_wconf 92' lang='lat' dir='ltr'>pu-</span> 
     </span>
     <span class='ocr_line' id='line_1_18' title="bbox 200 1725 1183 1878; baseline -0.002 -16"><span class='ocrx_word' id='word_1_145' title='bbox 200 1734 261 1794; x_wconf 57' lang='lat' dir='ltr'>gna</span> <span class='ocrx_word' id='word_1_146' title='bbox 282 1725 375 1863; x_wconf 58' lang='lat' dir='ltr'><strong>Xurc.</strong></span> <span class='ocrx_word' id='word_1_147' title='bbox 386 1801 553 1864; x_wconf 78' lang='lat' dir='ltr'>Flaminius</span> <span class='ocrx_word' id='word_1_148' title='bbox 569 1805 687 1878; x_wconf 89' lang='lat' dir='ltr'>consul,</span> <span class='ocrx_word' id='word_1_149' title='bbox 702 1819 771 1865; x_wconf 93' lang='lat' dir='ltr'>curn</span> <span class='ocrx_word' id='word_1_150' title='bbox 781 1802 965 1865; x_wconf 78' lang='lat' dir='ltr'>Friniatibus</span> <span class='ocrx_word' id='word_1_151' title='bbox 975 1801 1138 1878; x_wconf 87' lang='lat' dir='ltr'>Liguribus</span> <span class='ocrx_word' id='word_1_152' title='bbox 1152 1801 1183 1861; x_wconf 90' lang='lat' dir='ltr'>in</span> 
     </span>
    </p>
   </div>
   <div class='ocr_carea' id='block_1_7' title="bbox 183 1884 1287 1963">
    <p class='ocr_par' dir='ltr' id='par_1_7' title="bbox 183 1884 1287 1963">
     <span class='ocr_line' id='line_1_19' title="bbox 183 1884 1287 1963; baseline -0.015 -7"><span class='ocrx_word' id='word_1_153' title='bbox 183 1902 276 1962; x_wconf 69' lang='lat' dir='ltr'>agro</span> <span class='ocrx_word' id='word_1_154' title='bbox 297 1902 405 1948; x_wconf 90' lang='lat' dir='ltr'>eorum</span> <span class='ocrx_word' id='word_1_155' title='bbox 424 1886 564 1963; x_wconf 90' lang='lat' dir='ltr'>pluribus</span> <span class='ocrx_word' id='word_1_156' title='bbox 579 1887 706 1963; x_wconf 88' lang='lat' dir='ltr'>proeliis</span> <span class='ocrx_word' id='word_1_157' title='bbox 720 1887 865 1948; x_wconf 89' lang='lat' dir='ltr'>secundis</span> <span class='ocrx_word' id='word_1_158' title='bbox 881 1886 986 1961; x_wconf 90' lang='lat' dir='ltr'>lactis,</span> <span class='ocrx_word' id='word_1_159' title='bbox 1005 1887 1036 1946; x_wconf 93' lang='lat' dir='ltr'>in</span> <span class='ocrx_word' id='word_1_160' title='bbox 1052 1884 1182 1946; x_wconf 89' lang='lat' dir='ltr'>deditio·</span> <span class='ocrx_word' id='word_1_161' title='bbox 1286 1907 1287 1922; x_wconf 40' lang='lat' dir='ltr'>a</span> 
     </span>
    </p>
   </div>
   <div class='ocr_carea' id='block_1_8' title="bbox 199 1968 1184 2629">
    <p class='ocr_par' dir='ltr' id='par_1_8' title="bbox 199 1968 1184 2629">
     <span class='ocr_line' id='line_1_20' title="bbox 199 1968 1184 2048; baseline -0.002 -18"><span class='ocrx_word' id='word_1_162' title='bbox 199 1986 269 2030; x_wconf 89' lang='lat' dir='ltr'>nem</span> <span class='ocrx_word' id='word_1_163' title='bbox 284 1979 406 2046; x_wconf 90' lang='lat' dir='ltr'>gentem</span> <span class='ocrx_word' id='word_1_164' title='bbox 420 1972 540 2048; x_wconf 91' lang='lat' dir='ltr'>accepit</span> <span class='ocrx_word' id='word_1_165' title='bbox 553 1979 585 2033; x_wconf 92' lang='lat' dir='ltr'>et</span> <span class='ocrx_word' id='word_1_166' title='bbox 597 1987 682 2032; x_wconf 87' lang='lat' dir='ltr'>arma</span> <span class='ocrx_word' id='word_1_167' title='bbox 695 1971 816 2032; x_wconf 85' lang='lat' dir='ltr'>ademit.</span> <span class='ocrx_word' id='word_1_168' title='bbox 846 1986 883 2032; x_wconf 92' lang='lat' dir='ltr'>ea</span> <span class='ocrx_word' id='word_1_169' title='bbox 897 1971 1046 2046; x_wconf 88' lang='lat' dir='ltr'>quianon</span> <span class='ocrx_word' id='word_1_170' title='bbox 1062 1968 1184 2030; x_wconf 86' lang='lat' dir='ltr'>sincera</span> 
     </span>
     <span class='ocr_line' id='line_1_21' title="bbox 200 2052 1182 2131; baseline -0.003 -18"><span class='ocrx_word' id='word_1_171' title='bbox 200 2053 263 2113; x_wconf 82' lang='lat' dir='ltr'>fide</span> <span class='ocrx_word' id='word_1_172' title='bbox 277 2054 445 2127; x_wconf 86' lang='lat' dir='ltr'>tradebant,</span> <span class='ocrx_word' id='word_1_173' title='bbox 462 2069 531 2115; x_wconf 88' lang='lat' dir='ltr'>curn</span> <span class='ocrx_word' id='word_1_174' title='bbox 548 2054 777 2131; x_wconf 87' lang='lat' dir='ltr'>castigarentur,</span> <span class='ocrx_word' id='word_1_175' title='bbox 793 2054 907 2115; x_wconf 87' lang='lat' dir='ltr'>relictis</span> <span class='ocrx_word' id='word_1_176' title='bbox 919 2054 996 2114; x_wconf 90' lang='lat' dir='ltr'>vicis</span> <span class='ocrx_word' id='word_1_177' title='bbox 1007 2052 1038 2113; x_wconf 90' lang='lat' dir='ltr'>in</span> <span class='ocrx_word' id='word_1_178' title='bbox 1049 2058 1182 2112; x_wconf 87' lang='lat' dir='ltr'>montem</span> 
     </span>
     <span class='ocr_line' id='line_1_22' title="bbox 199 2134 1184 2214; baseline -0.002 -19"><span class='ocrx_word' id='word_1_179' title='bbox 199 2137 353 2212; x_wconf 83' lang='lat' dir='ltr'>Auginum</span> <span class='ocrx_word' id='word_1_180' title='bbox 365 2139 575 2214; x_wconf 81' lang='lat' dir='ltr'>profugerunt.</span> <span class='ocrx_word' id='word_1_181' title='bbox 592 2137 752 2200; x_wconf 80' lang='lat' dir='ltr'>confestim</span> <span class='ocrx_word' id='word_1_182' title='bbox 763 2144 889 2199; x_wconf 85' lang='lat' dir='ltr'>secutus</span> <span class='ocrx_word' id='word_1_183' title='bbox 900 2138 1073 2198; x_wconf 88' lang='lat' dir='ltr'>estconsul.</span> <span class='ocrx_word' id='word_1_184' title='bbox 1088 2134 1184 2194; x_wconf 89' lang='lat' dir='ltr'>ceteri</span> 
     </span>
     <span class='ocr_line' id='line_1_23' title="bbox 199 2218 1183 2298; baseline -0.002 -18"><span class='ocrx_word' id='word_1_185' title='bbox 199 2218 292 2281; x_wconf 88' lang='lat' dir='ltr'>effusi</span> <span class='ocrx_word' id='word_1_186' title='bbox 306 2237 425 2298; x_wconf 90' lang='lat' dir='ltr'>rursus,</span> <span class='ocrx_word' id='word_1_187' title='bbox 440 2230 472 2284; x_wconf 89' lang='lat' dir='ltr'>et</span> <span class='ocrx_word' id='word_1_188' title='bbox 485 2238 558 2297; x_wconf 91' lang='lat' dir='ltr'>pars</span> <span class='ocrx_word' id='word_1_189' title='bbox 573 2221 707 2283; x_wconf 86' lang='lat' dir='ltr'>maxima</span> <span class='ocrx_word' id='word_1_190' title='bbox 720 2220 862 2294; x_wconf 90' lang='lat' dir='ltr'>inermes,</span> <span class='ocrx_word' id='word_1_191' title='bbox 879 2237 936 2296; x_wconf 91' lang='lat' dir='ltr'>per</span> <span class='ocrx_word' id='word_1_192' title='bbox 949 2219 1032 2280; x_wconf 89' lang='lat' dir='ltr'>invia</span> <span class='ocrx_word' id='word_1_193' title='bbox 1045 2226 1078 2280; x_wconf 90' lang='lat' dir='ltr'>et</span> <span class='ocrx_word' id='word_1_194' title='bbox 1087 2233 1183 2292; x_wconf 88' lang='lat' dir='ltr'>rupes</span> 
     </span>
     <span class='ocr_line' id='line_1_24' title="bbox 200 2301 1184 2380; baseline -0.003 -17"><span class='ocrx_word' id='word_1_195' title='bbox 200 2303 348 2378; x_wconf 86' lang='lat' dir='ltr'>deruptas</span> <span class='ocrx_word' id='word_1_196' title='bbox 371 2305 611 2380; x_wconf 84' lang='lat' dir='ltr'>praecipitantes</span> <span class='ocrx_word' id='word_1_197' title='bbox 633 2307 789 2380; x_wconf 86' lang='lat' dir='ltr'>ingerunt,</span> <span class='ocrx_word' id='word_1_198' title='bbox 810 2320 873 2378; x_wconf 88' lang='lat' dir='ltr'>qua</span> <span class='ocrx_word' id='word_1_199' title='bbox 892 2303 983 2378; x_wconf 89' lang='lat' dir='ltr'>sequi</span> <span class='ocrx_word' id='word_1_200' title='bbox 1001 2301 1102 2363; x_wconf 89' lang='lat' dir='ltr'>hostis</span> <span class='ocrx_word' id='word_1_201' title='bbox 1120 2316 1184 2361; x_wconf 92' lang='lat' dir='ltr'>uon</span> 
     </span>
     <span class='ocr_line' id='line_1_25' title="bbox 200 2385 1182 2462; baseline -0.002 -16"><span class='ocrx_word' id='word_1_202' title='bbox 200 2394 318 2461; x_wconf 82' lang='lat' dir='ltr'>posset</span> <span class='ocrx_word' id='word_1_203' title='bbox 346 2387 389 2448; x_wconf 86' lang='lat' dir='ltr'>ita</span> <span class='ocrx_word' id='word_1_204' title='bbox 409 2394 494 2448; x_wconf 77' lang='lat' dir='ltr'>bans</span> <span class='ocrx_word' id='word_1_205' title='bbox 508 2388 705 2462; x_wconf 85' lang='lat' dir='ltr'>Apenninum</span> <span class='ocrx_word' id='word_1_206' title='bbox 719 2387 868 2449; x_wconf 90' lang='lat' dir='ltr'>abierunt.</span> <span class='ocrx_word' id='word_1_207' title='bbox 896 2385 950 2461; x_wconf 84' lang='lat' dir='ltr'>qui</span> <span class='ocrx_word' id='word_1_208' title='bbox 964 2387 1074 2445; x_wconf 85' lang='lat' dir='ltr'>castris</span> <span class='ocrx_word' id='word_1_209' title='bbox 1089 2400 1124 2445; x_wconf 87' lang='lat' dir='ltr'>se</span> <span class='ocrx_word' id='word_1_210' title='bbox 1138 2393 1182 2444; x_wconf 74' lang='lat' dir='ltr'>te</span> 
     </span>
     <span class='ocr_line' id='line_1_26' title="bbox 199 2469 1183 2545; baseline -0.001 -18"><span class='ocrx_word' id='word_1_211' title='bbox 199 2478 337 2543; x_wconf 87' lang='lat' dir='ltr'>nuerant,</span> <span class='ocrx_word' id='word_1_212' title='bbox 353 2469 552 2531; x_wconf 89' lang='lat' dir='ltr'>circumsessi</span> <span class='ocrx_word' id='word_1_213' title='bbox 566 2478 597 2531; x_wconf 93' lang='lat' dir='ltr'>et</span> <span class='ocrx_word' id='word_1_214' title='bbox 610 2471 774 2545; x_wconf 86' lang='lat' dir='ltr'>expugnati</span> <span class='ocrx_word' id='word_1_215' title='bbox 789 2476 869 2530; x_wconf 92' lang='lat' dir='ltr'>sunt.</span> <span class='ocrx_word' id='word_1_216' title='bbox 891 2469 963 2529; x_wconf 91' lang='lat' dir='ltr'>inde</span> <span class='ocrx_word' id='word_1_217' title='bbox 977 2475 1062 2529; x_wconf 88' lang='lat' dir='ltr'>trans</span> <span class='ocrx_word' id='word_1_218' title='bbox 1077 2469 1183 2542; x_wconf 89' lang='lat' dir='ltr'>Apen-</span> 
     </span>
     <span class='ocr_line' id='line_1_27' title="bbox 200 2551 1182 2629; baseline -0.001 -18"><span class='ocrx_word' id='word_1_219' title='bbox 200 2552 304 2612; x_wconf 90' lang='lat' dir='ltr'>ninum</span> <span class='ocrx_word' id='word_1_220' title='bbox 325 2552 435 2612; x_wconf 91' lang='lat' dir='ltr'>ductae</span> <span class='ocrx_word' id='word_1_221' title='bbox 455 2552 603 2628; x_wconf 89' lang='lat' dir='ltr'>legiones.</span> <span class='ocrx_word' id='word_1_222' title='bbox 636 2554 677 2614; x_wconf 92' lang='lat' dir='ltr'>ibi</span> <span class='ocrx_word' id='word_1_223' title='bbox 691 2553 803 2614; x_wconf 92' lang='lat' dir='ltr'>montis</span> <span class='ocrx_word' id='word_1_224' title='bbox 819 2568 909 2628; x_wconf 85' lang='lat' dir='ltr'>quem</span> <span class='ocrx_word' id='word_1_225' title='bbox 925 2559 1070 2629; x_wconf 89' lang='lat' dir='ltr'>ceperant</span> <span class='ocrx_word' id='word_1_226' title='bbox 1084 2551 1182 2611; x_wconf 89' lang='lat' dir='ltr'>altitu·</span> 
     </span>
    </p>
   </div>
   <div class='ocr_carea' id='block_1_9' title="bbox 199 2615 1288 2802">
    <p class='ocr_par' dir='ltr' id='par_1_9' title="bbox 199 2615 1288 2802">
     <span class='ocr_line' id='line_1_28' title="bbox 200 2615 1288 2712; baseline -0.002 -18"><span class='ocrx_word' id='word_1_227' title='bbox 200 2635 272 2694; x_wconf 90' lang='lat' dir='ltr'>dinc</span> <span class='ocrx_word' id='word_1_228' title='bbox 287 2636 445 2712; x_wconf 83' lang='lat' dir='ltr'>paulisper</span> <span class='ocrx_word' id='word_1_229' title='bbox 458 2651 494 2697; x_wconf 89' lang='lat' dir='ltr'>se</span> <span class='ocrx_word' id='word_1_230' title='bbox 509 2635 605 2710; x_wconf 88' lang='lat' dir='ltr'>tutati,</span> <span class='ocrx_word' id='word_1_231' title='bbox 619 2653 692 2697; x_wconf 88' lang='lat' dir='ltr'>mox</span> <span class='ocrx_word' id='word_1_232' title='bbox 707 2637 738 2696; x_wconf 88' lang='lat' dir='ltr'>io</span> <span class='ocrx_word' id='word_1_233' title='bbox 753 2637 937 2698; x_wconf 90' lang='lat' dir='ltr'>deditionem</span> <span class='ocrx_word' id='word_1_234' title='bbox 951 2639 1182 2697; x_wconf 89' lang='lat' dir='ltr'>concessemnt.</span> <span class='ocrx_word' id='word_1_235' title='bbox 1287 2615 1288 2652; x_wconf 63' lang='lat'><strong>³</strong></span> 
     </span>
     <span class='ocr_line' id='line_1_29' title="bbox 199 2717 1288 2802; baseline -0.001 -25"><span class='ocrx_word' id='word_1_236' title='bbox 199 2727 262 2777; x_wconf 90' lang='lat' dir='ltr'>tum</span> <span class='ocrx_word' id='word_1_237' title='bbox 278 2719 450 2794; x_wconf 89' lang='lat' dir='ltr'>conquisita</span> <span class='ocrx_word' id='word_1_238' title='bbox 471 2735 539 2780; x_wconf 92' lang='lat' dir='ltr'>curn</span> <span class='ocrx_word' id='word_1_239' title='bbox 560 2720 720 2782; x_wconf 90' lang='lat' dir='ltr'>intentiore</span> <span class='ocrx_word' id='word_1_240' title='bbox 740 2737 815 2781; x_wconf 92' lang='lat' dir='ltr'>cura</span> <span class='ocrx_word' id='word_1_241' title='bbox 834 2734 934 2793; x_wconf 90' lang='lat' dir='ltr'>arma,</span> <span class='ocrx_word' id='word_1_242' title='bbox 956 2726 987 2780; x_wconf 92' lang='lat' dir='ltr'>et</span> <span class='ocrx_word' id='word_1_243' title='bbox 1006 2719 1109 2779; x_wconf 90' lang='lat' dir='ltr'>omnia</span> <span class='ocrx_word' id='word_1_244' title='bbox 1128 2717 1183 2777; x_wconf 89' lang='lat' dir='ltr'>ad·</span> <span class='ocrx_word' id='word_1_245' title='bbox 1286 2727 1288 2802; x_wconf 56' lang='lat' dir='ltr'><strong>g</strong></span> 
     </span>
    </p>
   </div>
   <div class='ocr_carea' id='block_1_10' title="bbox 195 2800 1181 2962">
    <p class='ocr_par' dir='ltr' id='par_1_10' title="bbox 195 2800 1181 2962">
     <span class='ocr_line' id='line_1_30' title="bbox 195 2800 1181 2880; baseline 0 -19"><span class='ocrx_word' id='word_1_246' title='bbox 195 2811 312 2878; x_wconf 87' lang='lat' dir='ltr'>empta.</span> <span class='ocrx_word' id='word_1_247' title='bbox 346 2804 525 2864; x_wconf 88' lang='lat' dir='ltr'>translatum</span> <span class='ocrx_word' id='word_1_248' title='bbox 546 2803 658 2865; x_wconf 88' lang='lat' dir='ltr'>deinde</span> <span class='ocrx_word' id='word_1_249' title='bbox 679 2803 718 2863; x_wconf 92' lang='lat' dir='ltr'>ad</span> <span class='ocrx_word' id='word_1_250' title='bbox 737 2805 888 2880; x_wconf 86' lang='lat' dir='ltr'>Apuanos</span> <span class='ocrx_word' id='word_1_251' title='bbox 908 2801 1039 2878; x_wconf 88' lang='lat' dir='ltr'>Ligures</span> <span class='ocrx_word' id='word_1_252' title='bbox 1058 2800 1181 2873; x_wconf 86' lang='lat' dir='ltr'>bellum,</span> 
     </span>
     <span class='ocr_line' id='line_1_31' title="bbox 201 2884 1181 2962; baseline -0.001 -18"><span class='ocrx_word' id='word_1_253' title='bbox 201 2885 299 2960; x_wconf 89' lang='lat' dir='ltr'>quiin</span> <span class='ocrx_word' id='word_1_254' title='bbox 315 2902 421 2962; x_wconf 88' lang='lat' dir='ltr'>agrurn</span> <span class='ocrx_word' id='word_1_255' title='bbox 432 2885 576 2948; x_wconf 91' lang='lat' dir='ltr'>Pisanum</span> <span class='ocrx_word' id='word_1_256' title='bbox 586 2884 877 2962; x_wconf 83' lang='lat' dir='ltr'>Bononiensemque</span> <span class='ocrx_word' id='word_1_257' title='bbox 889 2886 930 2947; x_wconf 90' lang='lat' dir='ltr'>ita</span> <span class='ocrx_word' id='word_1_258' title='bbox 940 2886 1181 2958; x_wconf 77' lang='lat' dir='ltr'>incursaverant,</span> 
     </span>
    </p>
   </div>
   <div class='ocr_carea' id='block_1_11' title="bbox 200 2969 1181 3047">
    <p class='ocr_par' dir='ltr' id='par_1_11' title="bbox 200 2969 1288 3047">
     <span class='ocr_line' id='line_1_32' title="bbox 200 2969 1181 3047; baseline -0.002 -19"><span class='ocrx_word' id='word_1_259' title='bbox 200 2976 234 3029; x_wconf 90' lang='lat' dir='ltr'>ut</span> <span class='ocrx_word' id='word_1_260' title='bbox 247 2970 305 3030; x_wconf 89' lang='lat' dir='ltr'>coli</span> <span class='ocrx_word' id='word_1_261' title='bbox 321 2985 382 3029; x_wconf 89' lang='lat' dir='ltr'>non</span> <span class='ocrx_word' id='word_1_262' title='bbox 398 2978 515 3045; x_wconf 86' lang='lat' dir='ltr'>posset.</span> <span class='ocrx_word' id='word_1_263' title='bbox 548 2970 597 3030; x_wconf 90' lang='lat' dir='ltr'>his</span> <span class='ocrx_word' id='word_1_264' title='bbox 612 2987 738 3047; x_wconf 87' lang='lat' dir='ltr'>quoquc</span> <span class='ocrx_word' id='word_1_265' title='bbox 753 2969 933 3046; x_wconf 91' lang='lat' dir='ltr'>perdomitis</span> <span class='ocrx_word' id='word_1_266' title='bbox 948 2970 1056 3031; x_wconf 91' lang='lat' dir='ltr'>consul</span> <span class='ocrx_word' id='word_1_267' title='bbox 1073 2983 1181 3044; x_wconf 89' lang='lat' dir='ltr'>pacem</span> 
     </span>
    </p>
   </div>
   <div class='ocr_carea' id='block_1_12' title="bbox 200 3051 1287 3211">
    <p class='ocr_par' dir='ltr' id='par_1_12' title="bbox 200 3043 1288 3211">
     <span class='ocr_line' id='line_1_33' title="bbox 201 3051 1181 3129; baseline -0.001 -19"><span class='ocrx_word' id='word_1_268' title='bbox 201 3053 285 3112; x_wconf 92' lang='lat' dir='ltr'>dedit</span> <span class='ocrx_word' id='word_1_269' title='bbox 304 3053 448 3113; x_wconf 83' lang='lat' dir='ltr'>finitimis.</span> <span class='ocrx_word' id='word_1_270' title='bbox 481 3061 511 3114; x_wconf 89' lang='lat' dir='ltr'>et</span> <span class='ocrx_word' id='word_1_271' title='bbox 531 3055 602 3129; x_wconf 87' lang='lat' dir='ltr'>quia</span> <span class='ocrx_word' id='word_1_272' title='bbox 616 3070 637 3114; x_wconf 87' lang='lat' dir='ltr'>a</span> <span class='ocrx_word' id='word_1_273' title='bbox 650 3055 731 3115; x_wconf 88' lang='lat' dir='ltr'>bello</span> <span class='ocrx_word' id='word_1_274' title='bbox 753 3055 856 3128; x_wconf 86' lang='lat' dir='ltr'>quieta</span> <span class='ocrx_word' id='word_1_275' title='bbox 875 3062 909 3115; x_wconf 93' lang='lat' dir='ltr'>ut</span> <span class='ocrx_word' id='word_1_276' title='bbox 923 3062 1008 3115; x_wconf 87' lang='lat' dir='ltr'>esset</span> <span class='ocrx_word' id='word_1_277' title='bbox 1022 3051 1181 3128; x_wconf 88' lang='lat' dir='ltr'>provincia</span> 
     </span>
     <span class='ocr_line' id='line_1_34' title="bbox 200 3133 1287 3211; baseline -0.002 -18"><span class='ocrx_word' id='word_1_278' title='bbox 200 3133 354 3207; x_wconf 79' lang='lat' dir='ltr'>effecerat,</span> <span class='ocrx_word' id='word_1_279' title='bbox 370 3153 409 3197; x_wconf 89' lang='lat' dir='ltr'>ne</span> <span class='ocrx_word' id='word_1_280' title='bbox 423 3134 454 3196; x_wconf 93' lang='lat' dir='ltr'>in</span> <span class='ocrx_word' id='word_1_281' title='bbox 471 3137 533 3199; x_wconf 93' lang='lat' dir='ltr'>otio</span> <span class='ocrx_word' id='word_1_282' title='bbox 549 3137 672 3198; x_wconf 89' lang='lat' dir='ltr'>militem</span> <span class='ocrx_word' id='word_1_283' title='bbox 687 3137 821 3209; x_wconf 84' lang='lat' dir='ltr'>haberet,</span> <span class='ocrx_word' id='word_1_284' title='bbox 836 3138 916 3198; x_wconf 91' lang='lat' dir='ltr'>viam</span> <span class='ocrx_word' id='word_1_285' title='bbox 929 3137 1098 3197; x_wconf 89' lang='lat' dir='ltr'>aBononia</span> <span class='ocrx_word' id='word_1_286' title='bbox 1110 3149 1180 3211; x_wconf 92' lang='lat' dir='ltr'>per·</span> <span class='ocrx_word' id='word_1_287' title='bbox 1286 3137 1287 3150; x_wconf 63' lang='lat'>¹</span> 
     </span>
    </p>
   </div>
   <div class='ocr_carea' id='block_1_13' title="bbox 198 3217 1288 3464">
    <p class='ocr_par' dir='ltr' id='par_1_13' title="bbox 198 3217 1288 3464">
     <span class='ocr_line' id='line_1_35' title="bbox 201 3217 1287 3296; baseline 0.001 -19"><span class='ocrx_word' id='word_1_288' title='bbox 201 3217 462 3281; x_wconf 87' lang='lat' dir='ltr'>duxitArretium.</span> <span class='ocrx_word' id='word_1_289' title='bbox 495 3221 536 3282; x_wconf 88' lang='grc' dir='ltr'>Μ.</span> <span class='ocrx_word' id='word_1_290' title='bbox 551 3222 700 3282; x_wconf 89' lang='lat' dir='ltr'>Aemilius</span> <span class='ocrx_word' id='word_1_291' title='bbox 715 3223 791 3282; x_wconf 92' lang='lat' dir='ltr'>alter</span> <span class='ocrx_word' id='word_1_292' title='bbox 808 3222 915 3283; x_wconf 88' lang='lat' dir='ltr'>consul</span> <span class='ocrx_word' id='word_1_293' title='bbox 930 3235 1022 3296; x_wconf 87' lang='lat' dir='ltr'>agros</span> <span class='ocrx_word' id='word_1_294' title='bbox 1037 3221 1180 3295; x_wconf 89' lang='lat' dir='ltr'>Ligurum</span> <span class='ocrx_word' id='word_1_295' title='bbox 1286 3265 1287 3278; x_wconf 67' lang='grc'>,</span> 
     </span>
     <span class='ocr_line' id='line_1_36' title="bbox 198 3301 1288 3381; baseline 0.006 -20"><span class='ocrx_word' id='word_1_296' title='bbox 198 3301 366 3378; x_wconf 84' lang='lat' dir='ltr'>vicosque,</span> <span class='ocrx_word' id='word_1_297' title='bbox 388 3305 439 3381; x_wconf 90' lang='lat' dir='ltr'>qui</span> <span class='ocrx_word' id='word_1_298' title='bbox 454 3304 485 3366; x_wconf 91' lang='lat' dir='ltr'>iu</span> <span class='ocrx_word' id='word_1_299' title='bbox 502 3305 618 3380; x_wconf 89' lang='lat' dir='ltr'>campis</span> <span class='ocrx_word' id='word_1_300' title='bbox 633 3312 686 3365; x_wconf 93' lang='lat' dir='ltr'>aut</span> <span class='ocrx_word' id='word_1_301' title='bbox 700 3305 833 3365; x_wconf 88' lang='lat' dir='ltr'>vallibus</span> <span class='ocrx_word' id='word_1_302' title='bbox 848 3310 948 3379; x_wconf 88' lang='lat' dir='ltr'>erant,</span> <span class='ocrx_word' id='word_1_303' title='bbox 969 3303 1047 3379; x_wconf 92' lang='lat' dir='ltr'>ipsis</span> <span class='ocrx_word' id='word_1_304' title='bbox 1063 3309 1180 3364; x_wconf 82' lang='lat' dir='ltr'>montes</span> <span class='ocrx_word' id='word_1_305' title='bbox 1286 3333 1288 3368; x_wconf 73' lang='lat'><em>÷</em></span> 
     </span>
     <span class='ocr_line' id='line_1_37' title="bbox 199 3385 1288 3464; baseline 0.001 -19"><span class='ocrx_word' id='word_1_306' title='bbox 199 3385 279 3446; x_wconf 89' lang='lat' dir='ltr'>duos</span> <span class='ocrx_word' id='word_1_307' title='bbox 293 3387 438 3448; x_wconf 78' lang='lat' dir='ltr'>balistam</span> <span class='ocrx_word' id='word_1_308' title='bbox 454 3387 736 3464; x_wconf 87' lang='lat' dir='ltr'>Suismontiumque</span> <span class='ocrx_word' id='word_1_309' title='bbox 751 3388 931 3463; x_wconf 89' lang='lat' dir='ltr'>tenentibus,</span> <span class='ocrx_word' id='word_1_310' title='bbox 950 3387 1070 3448; x_wconf 88' lang='lat' dir='ltr'>deussit</span> <span class='ocrx_word' id='word_1_311' title='bbox 1084 3388 1180 3461; x_wconf 88' lang='lat' dir='ltr'>depo·</span> <span class='ocrx_word' id='word_1_312' title='bbox 1286 3421 1288 3436; x_wconf 59' lang='grc' dir='ltr'>ι</span> 
     </span>
    </p>
   </div>
   <div class='ocr_carea' id='block_1_14' title="bbox 197 3469 1180 3548">
    <p class='ocr_par' dir='ltr' id='par_1_14' title="bbox 197 3469 1180 3548">
     <span class='ocr_line' id='line_1_38' title="bbox 197 3469 1180 3548; baseline -0.001 -18"><span class='ocrx_word' id='word_1_313' title='bbox 197 3471 384 3546; x_wconf 86' lang='lat' dir='ltr'>putatusque</span> <span class='ocrx_word' id='word_1_314' title='bbox 398 3478 454 3533; x_wconf 87' lang='lat' dir='ltr'>est.</span> <span class='ocrx_word' id='word_1_315' title='bbox 489 3472 599 3533; x_wconf 90' lang='lat' dir='ltr'>deinde</span> <span class='ocrx_word' id='word_1_316' title='bbox 614 3488 680 3546; x_wconf 90' lang='lat' dir='ltr'>eos,</span> <span class='ocrx_word' id='word_1_317' title='bbox 700 3471 751 3548; x_wconf 89' lang='lat' dir='ltr'>qui</span> <span class='ocrx_word' id='word_1_318' title='bbox 766 3471 795 3530; x_wconf 91' lang='lat' dir='ltr'>in</span> <span class='ocrx_word' id='word_1_319' title='bbox 812 3473 964 3534; x_wconf 88' lang='lat' dir='ltr'>montibus</span> <span class='ocrx_word' id='word_1_320' title='bbox 979 3479 1075 3544; x_wconf 88' lang='lat' dir='ltr'>erant,</span> <span class='ocrx_word' id='word_1_321' title='bbox 1089 3469 1180 3530; x_wconf 89' lang='lat' dir='ltr'>ador·</span> 
     </span>
    </p>
   </div>
   <div class='ocr_carea' id='block_1_15' title="bbox 0 0 1301 3964">
    <p class='ocr_par' dir='ltr' id='par_1_15' title="bbox 0 0 1301 3964">
     <span class='ocr_line' id='line_1_39' title="bbox 0 0 1301 3964; baseline 0 0"><span class='ocrx_word' id='word_1_322' title='bbox 0 0 1301 3964; x_wconf 95' lang='lat' dir='ltr'> </span> 
     </span>
    </p>
   </div>
  </div>
 </body>
</html>
