2598 3956
198 203 260 267 too
364 199 676 262 treuaxmncuu.
692 207 790 264 ansa
808 204 1003 275 [suasu]

195 355 319 417 obirent
343 360 372 413 et
396 351 507 413 milites
531 352 708 414 diviserunt.
740 349 894 412 Decimius
920 350 1034 412 missus
1059 356 1108 410 est
1133 349 1173 410 ad

196 439 338 500 Gentium
359 452 461 512 regem
483 436 670 513 lllyriorum,
692 449 783 510 quem
804 433 831 494 si
847 434 984 510 aliquem
998 441 1172 509 respectum

198 521 347 582 amicitiae
362 536 430 581 cum
442 523 552 597 popolo
565 520 699 580 Romano
715 517 829 579 habere
844 525 990 592 cerneret,
1012 523 1173 593 temptaret

198 606 354 667 autetiam
369 603 408 666 ad
424 604 494 665 belli
510 604 687 664 societatem
702 602 864 678 perliceret
879 603 994 663 iussus.
1009 601 1127 661 Lentuli
1142 603 1171 661 iu
1287 645 1288 672 f

196 689 423 766 Cephalleniam
439 689 532 761 missi,
547 687 618 747 utin
630 686 875 763 Peloponnesum
889 685 1057 756 traicerent,
1074 701 1172 746 oram·
1286 727 1288 762 ,

198 787 260 848 que
280 773 372 832 maris
394 772 424 830 in
440 771 629 833 occidentem
644 767 726 831 versi
740 776 809 830 ante
823 767 953 830 hiemem
969 767 1171 830 circumirent.
1287 789 1288 804 ¹

196 856 311 918 Marcio
327 864 357 916 et
371 856 461 917 Atilio
476 856 588 930 Epirus
600 855 718 914 Aetolia
730 858 760 914 et
769 851 927 913 Thessalia
939 852 1173 914 circumeundae

197 938 414 1017 adsignantura
444 939 515 999 inde
534 937 693 999 Boeotiam
714 944 807 1012 atque
827 937 984 997 Euboeam
1012 936 1173 1012 adspicere

195 1025 283 1096 iussi,
299 1032 363 1084 tum
377 1021 407 1082 in
422 1022 669 1098 Peloponnesum
684 1019 828 1082 traicerea
850 1019 890 1081 ibi
902 1035 1126 1095 congressuros
1138 1035 1173 1082 se

199 1123 268 1169 cum
298 1107 434 1168 Lentulis
467 1106 660 1166 constituunt.
695 1103 875 1180 priusquam
900 1104 1174 1180 digrederentura
1287 1099 1288 1136 i

196 1191 343 1266 Corcyra,
358 1188 474 1252 litterae
489 1189 633 1252 aPerseo
644 1190 764 1249 adlatae
775 1195 856 1261 sunt,
872 1189 984 1264 quibus
997 1188 1172 1263 quaerebat,

199 1291 279 1350 quae
300 1290 395 1334 causa
414 1273 560 1335 Romanis
582 1280 634 1334 aut
655 1273 685 1334 in
708 1273 866 1333 Graeciam
886 1271 1045 1333 traiciendi
1065 1270 1173 1348 copias

198 1365 251 1418 aut
265 1359 357 1419 urbes
373 1356 544 1433 occupandi
560 1365 652 1418 esset.
675 1356 724 1417 cui
735 1355 864 1416 rescribi
878 1373 939 1418 non
952 1353 1082 1432 placuita
1097 1371 1172 1416 nun-

197 1442 239 1503 tio
254 1442 362 1518 ipsius,
378 1443 430 1517 qui
446 1442 559 1502 litteras
575 1443 723 1514 attulerat,
746 1439 806 1500 dici
821 1439 967 1516 praesidii
982 1453 1077 1500 causa
1090 1435 1179 1522 ipsa

197 1543 264 1586 rum
280 1525 398 1585 urbium
413 1526 569 1586 Romanos
586 1526 695 1584 lacere.
717 1523 836 1584 Lentuli
852 1524 1073 1586 circumeuntes
1087 1523 1171 1584 Pelo·

198 1609 328 1684 ponuesi
357 1610 488 1683 oppida,
513 1623 581 1668 cum
608 1607 675 1666 sine
700 1607 875 1668 discrimine
901 1623 1008 1669 omnes
1035 1605 1173 1668 civitates

198 1692 440 1765 adhortarentur,
457 1700 488 1752 ut
503 1709 563 1768 quo
579 1691 689 1764 animo,
706 1707 767 1767 qua
781 1690 843 1751 fide
858 1690 1050 1753 adiuvissent
1062 1690 1173 1751 Roma-

198 1791 256 1836 nos
277 1773 407 1852 Philippi
428 1776 572 1851 primum,
594 1775 705 1835 deiude
718 1774 862 1836 Antiochi
876 1775 974 1849 bello,
996 1774 1104 1836 eodem
1119 1773 1173 1833 ad-

158 1858 160 1862 ‘
197 1875 308 1919 vcrsus
319 1857 432 1920 Persea
443 1859 588 1932 iuvarent,
601 1859 751 1919 fremitum
762 1856 793 1918 in
805 1858 998 1920 contionibus
1010 1857 1174 1918 audiebant

200 1940 331 2004 Aetnaeis
352 1942 577 2018 indignantibus
599 1942 707 2002 eodem
724 1956 759 2002 se
773 1942 842 2003 loco
859 1957 944 2017 esse,
973 1941 1025 2018 qui
1040 1941 1174 2003 omuiaa
1286 1949 1287 1954 ’

198 2025 355 2106 principiis
370 2026 559 2089 Macedonici
573 2025 645 2085 belli
660 2025 885 2100 praestitissent
904 2025 1051 2087 Romanis
1066 2031 1096 2086 et
1109 2023 1172 2084 Ma·

199 2112 351 2172 cadonum
364 2109 495 2187 Philippi
509 2111 589 2171 bello
604 2109 711 2172 hostes
727 2109 871 2185 luissent,
893 2125 955 2186 quo
969 2107 1115 2172 Messenii
1129 2115 1172 2170 at·

198 2211 259 2271 que
272 2194 347 2269 Elei,
364 2194 416 2271 qui
431 2211 488 2270 pro
499 2192 650 2256 Antiocho
665 2191 755 2255 hoste
767 2210 851 2254 arma
862 2194 1013 2255 adversus
1026 2193 1173 2271 populum

197 2281 368 2340 Romanum
382 2279 532 2352 tulissent,
547 2293 583 2338 ac
598 2293 695 2354 nuper
706 2278 735 2337 in
748 2278 916 2338 Achaicum
927 2276 1088 2338 contributi
1100 2292 1172 2338 con-

196 2363 300 2423 cilium
319 2364 404 2422 velut
423 2362 590 2438 praemium
612 2361 682 2420 belli
703 2377 739 2421 se
758 2360 926 2421 victoribus
946 2359 1080 2422 Achaeis
1093 2359 1173 2422 tradi

198 2452 407 2520 quererentur.
444 2443 604 2506 XXXVIII.
636 2444 770 2504 Marcius
797 2452 826 2505 et
848 2445 959 2506 Atilius
984 2444 1023 2505 ad
1049 2445 1173 2506 Gitanas

196 2529 280 2603 Epiri
296 2527 444 2604 oppidum
459 2530 565 2589 decem
579 2528 660 2588 milia
674 2544 693 2587 a
706 2527 782 2588 mari
794 2543 863 2588 cum
875 2528 1086 2601 escenderent,
1101 2543 1173 2589 con·
1286 2587 1287 2606 ,

197 2612 267 2672 cilio
281 2613 474 2688 Epirotarum
489 2612 592 2673 habito
609 2627 678 2674 cum
692 2627 804 2687 magno
819 2613 953 2674 omnium
968 2612 1105 2673 adsensu
1119 2628 1173 2673 au-

88 2760 90 2765 ,
198 2695 251 2758 diti
272 2704 357 2768 sunt;
378 2703 408 2756 et
428 2694 668 2773 quadringentos
690 2695 855 2758 iuventutis
870 2711 977 2758 eorum
990 2696 1021 2756 in
1037 2695 1172 2768 Orestas,

196 2788 229 2841 ut
243 2778 399 2857 praesidio
411 2787 515 2842 essent
535 2778 670 2843 liberatis
684 2781 723 2841 ab
738 2788 847 2841 senatu
860 2779 1098 2855 Macedonibus,
1118 2779 1173 2840 mi·

196 2871 311 2926 serunt.
332 2863 404 2926 iude
419 2865 449 2925 in
463 2865 614 2926 Aetoliam
628 2864 800 2941 progressi,
827 2880 865 2925 ac
878 2879 996 2940 paucos
1010 2859 1053 2924 ibi
1066 2863 1174 2924 morati

196 2947 273 3019 dies,
290 2947 362 3028 dum
377 2947 407 3009 in
423 2949 572 3024 praetoris
587 2947 698 3010 mortui
711 2951 812 3010 locum
828 2949 905 3010 alius
921 2947 1122 3021 sufficeretur,
1143 2953 1175 3008 et

196 3030 329 3106 Lycisco
352 3037 493 3106 praetore
513 3032 609 3107 lacto,
633 3049 724 3108 quem
737 3035 945 3095 Romanorum
960 3035 1064 3093 lavere
1078 3031 1172 3092 rebus

196 3113 272 3195 satis
288 3120 476 3189 compertum
490 3123 563 3190 erat,
579 3117 764 3177 transierunt
777 3117 808 3176 in
818 3116 1016 3177 Thessaliam.
1032 3131 1069 3177 eo
1082 3115 1171 3190 legati

195 3201 392 3258 Acarnanum
413 3206 443 3259 et
463 3197 650 3261 Boeotorum
672 3202 796 3260 exsules
811 3206 969 3261 venerunt.
991 3201 1172 3260 Acarnanes

196 3280 335 3342 nuntiare
361 3279 446 3356 trusi,
473 3298 552 3357 quae
571 3281 701 3358 Philippi
722 3285 866 3358 primum,
892 3283 1035 3344 Antiochi
1061 3283 1174 3344 deinde

196 3365 292 3439 hello,
313 3364 435 3440 decepti
457 3365 725 3441 pollicitationibus
747 3367 840 3443 regiis
856 3367 1007 3428 adversus
1022 3367 1173 3443 populum

194 3448 363 3515 Romanum
386 3448 625 3518 commisissent.
653 3465 691 3512 ea
711 3451 883 3528 corrigendi
898 3450 1095 3513 occasionem
1109 3449 1169 3512 illis
1285 3463 1286 3504 1
