2592 3964
435 559 580 653 illl
618 559 761 654 bill

392 709 445 777 Ab
474 709 589 780 butu
615 707 822 777 ebibita

473 826 583 890 ubba
604 824 735 887 xxxix.

531 957 686 970 *a

148 1029 284 1090 nubiti·
301 1030 337 1092 M.-
349 1030 473 1087 Aemilius
491 1031 578 1091 consul
594 1031 732 1101 Liguribus
750 1031 861 1090 subpotis
878 1031 946 1092 vium
962 1033 1094 1089 aPlaean-

166 1101 206 1152 tia
222 1114 303 1168 nsque
322 1098 355 1148 ad
364 1098 504 1153 Ariminum
516 1101 665 1175 perductum
675 1100 812 1153 Flaminiae
822 1101 912 1150 iunxit.
939 1101 1010 1152 initia
1019 1102 1094 1153 luxu·

167 1169 222 1219 riae
236 1167 359 1218 inumera
373 1167 515 1218 introducta
528 1170 560 1221 ab
569 1172 681 1221 exercitu
689 1169 800 1220 Asiatico
815 1167 964 1224 referuntur.
988 1169 1095 1238 Liguras

165 1238 322 1300 quicumque
336 1238 402 1286 altra
419 1237 579 1302 Apenninum
592 1247 683 1304 mant,
701 1239 799 1289 subacti
816 1245 883 1288 sunl.
916 1237 1093 1301 Bacchanalia,

166 1319 268 1361 amat
278 1303 403 1364 Gratum
417 1313 446 1362 oi
461 1313 627 1368 neptunum,
651 1306 775 1365 sonorum
793 1307 905 1365 omnium
919 1308 1093 1372 seminarium,

168 1389 227 1432 oum
240 1372 279 1430 ed
291 1373 406 1446 sinuantia
418 1373 510 1433 turbae
527 1376 724 1435 coniurationem
733 1377 898 1440 pervenisset,
917 1375 1094 1434 acooauloin·

170 1443 323 1510 vestigatuur
346 1448 370 1491 et
386 1441 522 1498 multorum
540 1458 623 1508 poana
645 1443 771 1504 sublatum
790 1451 835 1501 eet.
865 1445 1046 1494 recensoribus
1065 1446 1094 1494 L.

173 1511 277 1562 Valerio
299 1510 386 1568 Flacco
411 1517 435 1560 at
452 1509 486 1561 Μ.
504 1510 593 1562 Porcio
612 1511 718 1576 Catone,
743 1519 767 1560 at
785 1509 844 1561 belli
862 1517 886 1559 et
903 1512 975 1576 pacis
999 1513 1096 1562 artibus

169 1580 291 1644 maximo,
309 1586 393 1629 motus
407 1587 448 1628 est
465 1587 555 1630 senatu
571 1579 601 1630 ln.
618 1579 751 1640 Quinctius
767 1579 968 1633 iilanrluinua‘ll.
988 1578 1095 1640 Quinctii

171 1649 259 1709 irater,
274 1663 307 1698 eo
324 1647 393 1712 qnod
409 1663 467 1698 oum
481 1647 591 1700 bollina
606 1649 764 1714 provinciam
783 1647 870 1700 musal
888 1648 1038 1714 obliuuorat,
1054 1665 1096 1702 aa·

170 1726 246 1784 gatus
262 1716 288 1766 lu
306 1717 420 1767 convivio
439 1732 455 1766 a
471 1716 588 1784 Philippo
605 1717 705 1783 Poeno,
724 1731 799 1780 quam
817 1717 932 1783 amabat,
949 1726 1033 1773 scorto
1045 1733 1095 1770 uo-

169 1787 224 1853 bill,
242 1785 341 1838 Gallum
359 1786 486 1853 quendum
500 1800 551 1836 sua
568 1801 645 1838 mauu
663 1785 799 1846 occiderem
816 1785 869 1835 sive
886 1794 913 1837 ut
928 1785 1032 1848 quidam
1045 1794 1095 1836 tra-

170 1855 304 1921 dicerunt,
326 1869 405 1906 unum
422 1870 455 1906 ex
472 1855 596 1905 damnatis
614 1854 695 1908 securi
712 1860 871 1918 percusserat
886 1861 991 1918 rogatus
1010 1869 1025 1904 a
1042 1868 1095 1904 me-

170 1924 261 1975 retrice
278 1923 439 1982 Placentina,
463 1923 535 1974 cuius
557 1936 643 1973 amore
666 1923 805 1987 deperibat.
838 1928 921 1972 exstat
938 1921 972 1976 M.
992 1921 1095 1972 Catonia

166 1992 249 2044 matio
265 1994 292 2042 in
309 2007 375 2043 eum.
395 1985 585 2057 Soipiotirltemi
600 1988 717 2052 decessit,
733 1991 1031 2057 ettumqnamlangente
1043 1989 1095 2042 lor-

166 2069 231 2115 tuna
248 2063 314 2114 eirca
324 2061 397 2116 ilem
413 2067 514 2126 tompus
537 2061 587 2121 uino
604 2060 694 2119 luant
710 2061 877 2116 maximorum
890 2059 1012 2126 ¹vinearum,
1029 2058 1095 2113 Han-

166 2127 240 2182 nibal
258 2145 274 2190 u
288 2129 379 2186 Prusia
395 2127 529 2200 Btupnue
542 2144 622 2201 trefe,
640 2128 674 2186 ai
691 2143 765 2190 quem
783 2131 849 2185 aloto
866 2127 991 2180 Antiocho
1008 2127 1094 2181 conia·

167 2206 252 2266 gerat,
276 2213 333 2250 eum
355 2197 489 2256 dederetur
504 2197 637 2261 Romanis,
659 2194 703 2260 qui
721 2196 754 2246 ad
771 2194 959 2260 exposcendum
977 2195 1047 2244 illum
1064 2197 1094 2248 Τ.

171 2266 313 2326 Quinotium
332 2266 500 2317 Flamininum
524 2267 657 2326 miserant,
685 2278 781 2314 veneno
803 2264 851 2314 sibi
874 2270 979 2312 mortem
998 2265 1095 2314 eonsci-

168 2335 214 2385 vit.
239 2335 419 2400 Philopoemen
437 2349 538 2399 quoqne
553 2335 608 2386 <lux
616 2333 785 2396 Achaeorum,
803 2332 842 2386 nb
853 2329 986 2392 maximus,
1004 2331 1095 2386 ables-

167 2403 247 2454 aenlia
261 2405 364 2454 occisus
382 2417 493 2470 veneno,
512 2417 574 2455 eram
592 2404 624 2454 ab
640 2402 673 2455 iia
689 2401 755 2454 bello
771 2409 862 2466 captus
875 2407 957 2452 esset
983 2399 1096 2452 coioniae

164 2471 282 2530 Potentia
299 2480 324 2524 et
339 2471 472 2525 Pisaurum
489 2479 515 2523 et
537 2473 632 2534 Mutina
648 2479 674 2523 et
688 2473 779 2522 Parma
796 2468 918 2530 deductae
931 2475 1000 2522 aaut.
1022 2482 1096 2536 praee

166 2548 237 2596 terea
254 2555 295 2594 raa
310 2539 582 2598 adrerumileltiberos
600 2554 721 2605 prospere
736 2547 824 2606 gestas
837 2544 861 2587 et
874 2537 948 2588 initio
956 2551 1096 2602 canaanque

168 2608 229 2660 belli
245 2609 402 2660 Macedonici
420 2609 544 2668 continet;
561 2611 634 2660 cuius
652 2609 724 2674 origo
742 2607 801 2657 inde
819 2606 898 2668 fluxit,
915 2605 985 2668 quod
1002 2605 1096 2672 Philip-

168 2692 219 2743 pos
236 2694 311 2746 aegre
331 2679 427 2728 lerebat
447 2691 552 2743 regnum
570 2691 645 2728 suum
663 2676 777 2726 imminui
794 2690 810 2724 a
827 2674 962 2739 Romanis,
987 2681 1012 2724 et
1027 2674 1097 2738 quod

170 2753 302 2812 oogcretur
317 2761 333 2795 a
350 2745 488 2796 Thracibus
501 2745 611 2810 allisque
627 2745 691 2796 loeis
708 2743 837 2810 praesidia
853 2741 987 2793 deducere.

202 2849 227 2906 i.
253 2849 331 2910 Dum
346 2848 439 2923 baec,
465 2847 598 2909 simodo
618 2847 679 2908 boe
691 2861 773 2911 anno
790 2849 858 2908 aeta
872 2847 959 2915 sunt,
980 2840 1097 2902 Romae

119 2939 258 3009 aguntur,
277 2933 422 2994 consules
438 2931 527 3000 ambo
542 2929 573 2990 ln
584 2931 749 3006 ‘Liguribus
765 2927 912 3004 gerebant
924 2922 1046 2984 bellum.
1068 2923 1096 2983 is

117 3015 218 3080 bostis
233 3018 316 3078 velut
331 3023 421 3078 natus
436 3015 475 3075 ad
491 3015 703 3077 continendam
721 3015 798 3074 inter
812 3023 990 3084 magnorum
1005 3008 1092 3068 inter

118 3101 199 3162 valla
218 3100 367 3164 bellorum
384 3099 530 3158 Romanis
550 3096 709 3158 militarem
728 3094 922 3168 disciplinam
936 3099 1016 3163 erat;
1039 3106 1097 3151 nec

118 3183 178 3244 alla
199 3181 358 3258 provincia
375 3182 501 3245 ‚militem
523 3181 620 3255 magis
642 3181 682 3240 ad
699 3178 838 3241 virtutem
858 3173 993 3234 acuebat.
1027 3191 1097 3233 nam

118 3267 194 3328 Asia
208 3275 239 3328 et
252 3265 433 3327 amoenitate
451 3264 569 3326 urbium
585 3271 616 3324 et
630 3263 719 3339 eopia
734 3259 920 3321 terrestrium
936 3257 1096 3317 maritima-

119 3365 248 3426 rumque
268 3365 369 3410 rerum
384 3356 415 3408 et
428 3348 551 3410 mollitia
565 3347 698 3408 bostium
714 3345 868 3420 regiisque
882 3340 994 3415 opibus
1009 3338 1098 3398 ditio-

119 3449 170 3494 res
185 3450 276 3508 quum
291 3432 434 3494 fortiores
449 3431 602 3492 exereitus
617 3430 756 3490 iaciebat.
789 3425 955 3502 praecipue
969 3421 1027 3481 sub
1042 3421 1098 3480 im-

160 3517 404 3576 ummmmv.
871 3517 885 3570 i
1104 3533 1107 3538 ’
