2574 3954
342 189 455 250 uiBER
469 189 557 250 libii.
580 192 663 252 CAP.
678 198 722 256 al.
734 201 778 256 58.
801 199 838 264 [a.
851 201 884 252 C.
899 199 961 268 lli]
1069 193 1134 265 179

150 341 304 409 {mutatura
315 340 387 417 plus
403 348 552 417 possent,
567 357 774 407 conversuros
789 347 896 407 aciem.
918 347 1023 408 aviii.
1041 358 1132 424 post-

152 441 244 502 quam
263 423 418 500 inceptum
437 440 499 486 non
520 427 722 503 succedebat,
743 437 844 492 castra
864 429 994 507 propius
1010 431 1131 494 hostem

77 541 79 546 ·
148 507 245 572 movit
255 524 319 584 rex,
335 514 366 569 et
380 525 399 569 a
413 507 549 585 quinque
563 510 684 574 milibus
695 523 846 587 passuum
858 515 1041 578 communiit.
1057 513 1130 578 inde

148 608 219 655 tuce
238 590 335 669 prima
356 593 386 652 in
407 593 516 654 codam
538 611 600 669 quo
623 593 742 658 solebat
762 597 831 659 loco
853 599 989 674 peditum
1003 599 1069 660 acie
1084 601 1128 662 in·

149 679 265 738 struma
276 676 444 750 equitatum
459 691 580 738 omnem
599 678 762 754 levemque
775 688 957 743 armaturam
971 683 1012 744 ud
1027 690 1127 746 castra

147 759 285 822 bostium
298 759 389 822 ducit.
410 761 497 822 visus
512 769 543 822 et
556 762 705 835 plurimus
721 769 752 825 et
774 765 903 840 propior
923 766 1014 828 solito
1027 765 1130 841 pulvis

148 842 382 920 trepidationem
402 843 433 904 in
449 845 558 906 castris
572 845 719 907 Romanis
732 846 814 917 iecit.
837 855 867 908 ct
880 849 979 925 primo
993 849 1047 910 vix
1062 865 1127 910 cre·

149 927 245 988 ditum
256 929 408 988 'nuntianti
423 935 478 1004 est,
495 928 568 1004 quia
581 927 904 1005 prioribuscontinuis
920 931 1028 994 diebus
1040 949 1128 994 num·

149 1009 332 1087 quamante
354 1012 462 1073 boram
482 1019 621 1088 quartam
641 1013 738 1076 bostis
753 1021 952 1090 apparuerat,
973 1023 1035 1077 tum
1051 1017 1130 1078 solis

149 1101 235 1156 ortus
256 1103 329 1157 erat.
359 1095 470 1157 deinde
490 1103 525 1157 ut
543 1097 685 1172 plurium
696 1099 829 1159 clamore
844 1107 875 1160 et
889 1115 983 1162 cursu
997 1117 1016 1161 a
1030 1100 1128 1176 portis

148 1178 295 1240 dubitatio
314 1187 457 1254 exempta
477 1184 539 1254 est,
558 1181 704 1242 tumultus
725 1181 833 1258 ingens
848 1182 1129 1246 oboritur-“tribuni

149 1262 359 1340 praefectique
379 1271 409 1324 et
430 1263 625 1324 centuriones
646 1263 676 1323 in
691 1265 892 1342 praetorium,
912 1267 1000 1329 miles
1015 1267 1056 1327 ad
1069 1283 1130 1330 sua

148 1347 281 1425 quisque
307 1346 437 1408 tentam
463 1345 614 1408 discurrit
640 1345 740 1408 minus
763 1347 947 1424 quingentos
973 1351 1087 1425 passus
1109 1367 1129 1412 a

146 1431 229 1492 vallo
243 1427 430 1492 instruxerat
439 1430 571 1492 Perseus
586 1447 662 1492 suos
676 1431 758 1492 circa
771 1435 919 1499 tumulum
932 1449 1027 1509 quem
1040 1433 1128 1496 Calli-

147 1511 250 1576 cinum
264 1521 384 1576 vocant.
407 1517 496 1576 laevo
510 1521 607 1576 cornu
618 1515 713 1592 cotys
727 1531 784 1576 rex
794 1524 936 1593 praeerat
948 1531 1016 1578 cum
1029 1519 1127 1580 omni·

147 1599 208 1660 bus
229 1609 311 1660 suae·
326 1599 441 1674 geritis3
469 1595 605 1674 equitum
625 1600 749 1662 ordines
770 1600 848 1663 levis
868 1607 1022 1662 armatura
1035 1599 1127 1664 inter-

148 1681 252 1760 posita
277 1681 490 1760 distinguebat.
521 1681 553 1744 in
578 1683 688 1745 dextro
703 1693 808 1745 cornu
829 1685 1018 1746 Macedones
1039 1696 1128 1746 eraut
1154 1684 1156 1697 '

146 1763 277 1842 equites,
293 1765 454 1827 intermixti
469 1766 575 1828 turmis
590 1781 697 1828 eorum
708 1767 886 1830 cretenses:
908 1768 980 1829 huic
995 1775 1122 1831 armatu

146 1863 200 1910 rae
219 1845 324 1911 Midon
344 1851 537 1924 Beroeaeus,
558 1851 713 1925 equitibus
735 1859 765 1912 et
786 1867 924 1913 summae
946 1852 1042 1927 partis
1058 1852 1127 1914 eius

146 1931 237 1994 Meno
257 1933 478 2010 Antigonensis
497 1940 647 2009 praeerat.
675 1933 806 2011 proximi
821 1935 967 1997 cornibus
982 1935 1127 1998 constite-

146 2025 214 2078 rant
226 2015 303 2094 regii
316 2019 445 2095 equites,
461 2025 491 2079 et
503 2017 629 2079 mixtum
644 2035 752 2095 genus,
768 2019 889 2082 delecta
903 2019 1037 2096 plurium
1050 2034 1125 2096 gen·

146 2099 223 2162 tium
244 2101 371 2162 auxilia:
404 2101 560 2164 Patrocles
591 2101 812 2179 Antigonensis
844 2103 894 2164 hic
919 2110 951 2164 et
973 2101 1126 2166 Paeoniae

146 2185 321 2262 praelectus
343 2186 437 2247 Didas
461 2192 548 2246 erant
569 2187 748 2261 praepositi.
777 2185 899 2252 medius
921 2184 1056 2248 omnium
1070 2202 1128 2246 rex

147 2267 227 2345 erat‘,
249 2269 331 2330 circa
352 2285 422 2331 eum
434 2284 542 2344 agema
557 2270 641 2345 quod
655 2277 782 2343 vocant,
803 2284 975 2346 sacraeque
989 2270 1127 2346 equitum

145 2353 222 2413 alae.
241 2359 312 2415 ante
333 2369 368 2414 se
390 2356 493 2415 statuit
512 2353 681 2415 funditores
696 2353 957 2431 iaculatoresque=
980 2353 1125 2430 quadrin-

144 2442 304 2512 gentorum
338 2453 447 2499 manus
476 2443 606 2513 utraque
633 2447 793 2504 numerum
820 2438 979 2514 explebat:
1019 2437 1125 2498 Ionem

143 2519 450 2583 Thessalonicensem
472 2529 502 2583 et
521 2518 555 2560 **
575 2520 810 2597 Neoptolemum
835 2520 873 2582 iis
890 2518 1050 2598 praefecit.
1079 2520 1127 2582 sie

143 2603 221 2679 regii
242 2604 449 2667 constiterant.
478 2605 587 2667 consui
608 2605 689 2666 intra
707 2607 821 2669 vallum
840 2605 978 2682 peditum
997 2603 1064 2666 acie
1078 2603 1125 2664 in·

144 2695 260 2749 structa
275 2696 305 2750 et
324 2689 392 2765 ipse
413 2689 579 2766 equitatum
594 2703 714 2750 omnam
730 2705 798 2749 cum
812 2688 872 2749 levi
887 2695 1039 2750 armatura
1053 2687 1127 2760 emi-

146 2770 195 2832 sit.
218 2773 369 2847 provallo
385 2770 525 2835 instructi
540 2779 619 2833 sunt.
642 2772 750 2834 dextro
767 2788 864 2846 cornu
878 2773 1078 2848 praepositus
1094 2771 1127 2832 c.

143 2854 279 2916 Licinius
301 2857 431 2920 Crassus
452 2854 589 2919 consulis
606 2857 712 2928 irater,
736 2872 806 2918 cum
821 2855 904 2917 omni
917 2853 1024 2920 Italico
1040 2854 1128 2930 equi·

145 2933 223 3014 latu,
239 2940 381 3002 velitibus
395 2938 592 3012 intermixtis;
620 2938 744 3001 sinistro
758 2939 799 3000 M.
814 2938 957 3002 Valerius
972 2936 1128 3000 Laevinus

145 3022 301 3085 sociorum
320 3040 361 3086 ex
376 3023 502 3086 Graecis
516 3022 645 3101 populis
661 3023 780 3099 equites
793 3021 929 3086 habebat
940 3029 972 3084 et
986 3022 1127 3092 eiusdem

144 3107 244 3181 gentis
259 3109 359 3168 levem
375 3117 563 3170 armaturam.
582 3105 715 3169 mediam
728 3115 830 3170 autem
844 3107 942 3168 aciem
951 3123 1025 3173 cum
1042 3107 1125 3168 dele-

145 3190 202 3250 ctis
218 3191 371 3267 equitibus
394 3191 644 3254 extraordinariis
665 3192 787 3257 tenebat
801 3192 835 3267 Q.
849 3191 983 3261 Mucius,-
1003 3189 1129 3252 ducenti

145 3273 266 3348 equites
287 3274 364 3337 Galli
385 3284 455 3340 ante
475 3276 564 3352 signa
583 3275 694 3337 horum
713 3275 867 3350 instructi,
894 3283 924 3336 et
944 3275 983 3344 de
1003 3273 1126 3334 auxiliis

144 3355 290 3420 Eumenis
305 3358 476 3439 Cyrtiorum
490 3360 589 3436 gentis
603 3361 740 3422 uecenti.
755 3357 894 3420 Thessali
910 3355 1127 3434 quadringenti

144 3441 265 3518 equites
285 3460 382 3520 paruo
402 3445 559 3508 intervallo
582 3459 678 3519 super
697 3443 816 3506 laevum
832 3458 929 3564 cornu
943 3439 1043 3502 locati.
1064 3437 1130 3514 Eu·
