2570 3952
327 220 546 281 LlBERXLv.
570 219 652 278 cap.
667 230 710 281 11.
723 229 765 281 12.
789 227 825 293 [a.
839 222 946 297 cusa]
1059 219 1123 282 aba

140 381 344 450 acceperunt=
366 388 456 432 soror
478 370 637 446 plurimum
658 372 774 432 adiuvit
794 389 854 431 non
878 374 1005 434 consilio
1027 374 1119 434 modo

142 459 199 520 scd
214 458 304 518 ctiam
317 455 471 532 precibus.
507 456 610 528 itaque
625 457 885 516 consentientibus
906 459 1022 518 cunctis
1043 473 1121 532 poce

139 545 221 602 lacta
236 539 461 600 Alexandream
475 537 635 612 recipitur,
657 553 696 598 uc
716 539 906 600 multitudine
928 540 1051 615 quidem
1066 541 1119 600 ad·

140 632 297 695 versante,
321 621 443 697 quaein
467 621 547 681 bello
562 638 624 681 non
644 638 701 697 per
722 622 914 682 obsidionem
934 625 1042 698 niodo,
1063 624 1121 685 sed

138 707 232 768 etiarn
248 715 411 782 postquam
426 721 445 765 a
458 704 619 764 moenibus
634 705 813 766 abscessum
830 713 885 779 est,
907 707 977 782 qula
992 707 1065 766 nihil
1080 723 1120 766 ex

140 792 286 868 Aegypto
309 787 550 862 subvehcbatur,
572 789 705 848 omnium
725 805 826 849 rerum
846 796 999 850 attenuata
1016 790 1121 864 inopia

139 881 214 934 erat.
234 872 282 932 his
298 889 369 932 cum
381 869 486 932 laetari
505 871 688 933 Antiochum
706 873 893 932 conveniens
908 880 1006 946 esset,
1026 875 1053 934 si
1072 890 1119 932 re·
1216 909 1218 912 -

129 955 273 1017 ducendi
289 957 356 1016 eius
371 969 465 1015 causa
482 955 648 1016 exercitum
661 957 837 1032 Aegyptum
851 956 1039 1032 induxisset,
1057 971 1119 1032 quo

138 1041 287 1117 specioso
301 1038 387 1100 titulo
409 1038 449 1097 ad
469 1053 576 1098 omnes
590 1039 685 1099 Asiae
706 1046 737 1100 et
753 1039 898 1100 Graeciae
919 1041 1056 1101 civitates
1078 1041 1121 1099 le-

137 1122 315 1199 gallonibus
336 1120 522 1196 recipiendis
543 1121 711 1199 litterisque
738 1123 922 1184 dimittendis
950 1139 1026 1184 usus
1046 1132 1120 1198 erat,

137 1207 220 1268 adeo
229 1206 429 1276 estoiiensus‚
444 1207 575 1266 utmulto
584 1205 684 1266 acrius
698 1206 901 1282 infestiusque
908 1207 1119 1267 adversnsdu-

138 1307 179 1352 os
188 1307 277 1366 quam
286 1291 435 1350 adversus
449 1305 539 1348 unum
552 1297 674 1363 pararet
683 1289 803 1350 bellum.
820 1290 955 1368 Cyprum
967 1291 1120 1364 extemplo

138 1374 274 1434 classem
281 1373 378 1442 misit;
393 1373 462 1446 ipse
477 1371 574 1446 primo
582 1388 654 1432 vere
662 1386 729 1431 cunr
738 1371 874 1433 exercitu
883 1375 1120 1451 Aegyptumpe-

140 1466 210 1518 tens
224 1457 255 1518 in
268 1457 379 1518 Coelen
391 1455 511 1534 Syriam
523 1455 683 1530 processit.
708 1455 789 1516 circa
802 1457 1009 1518 Rhinocolura
1021 1455 1120 1516 Ptole-

138 1538 334 1616 maeilegatis
342 1539 501 1615 agentibus
507 1539 630 1614 gratias,
645 1540 730 1614 quod
741 1555 797 1614 per
809 1555 879 1601 eum
891 1555 1017 1614 regnum
1030 1539 1120 1615 pabi-

139 1641 194 1685 um
206 1624 384 1699 recepisset,
400 1624 644 1699 petentibusque,
658 1630 692 1682 ut
705 1639 795 1684 suum
809 1640 919 1684 munus
933 1631 1077 1697 tueretur,
1092 1631 1123 1683 et

138 1707 369 1784 dicerctpotius
378 1707 451 1784 quid
459 1705 524 1766 fieri
535 1709 634 1780 vellet,
650 1722 741 1780 quam
755 1707 853 1768 hostis
868 1724 908 1767 ax
921 1708 1007 1768 socio
1022 1708 1120 1767 iactus

139 1792 172 1850 vi
188 1798 279 1866 atque
295 1791 386 1851 armis
398 1798 510 1866 ageret,
523 1789 685 1865 respondit
699 1805 760 1852 non
774 1792 861 1850 aliter
874 1806 975 1866 neque
990 1791 1122 1850 classem

140 1881 356 1935 revocaturum
381 1889 482 1948 neque
503 1873 669 1934 exercitum
693 1873 906 1947 reducturum,
931 1872 991 1934 nisi
1012 1871 1123 1934 sibiet

140 1964 207 2018 tota
218 1957 320 2036 Cypro
332 1964 361 2018 et
371 1957 492 2021 Pelusio
504 1972 640 2032 agroque
653 1957 703 2031 qui
716 1957 797 2017 circa
806 1957 998 2018 Pelusiacum
1011 1956 1122 2018 ostium

140 2041 200 2100 Nili
216 2051 301 2102 esset
315 2041 483 2113 cederetur,
507 2041 651 2115 diemque
664 2041 849 2114 praestituit,
871 2039 949 2102 intra
972 2057 1063 2116 quam
1084 2040 1122 2099 de

141 2124 377 2185 condicionibus
399 2124 532 2200 peractis
551 2139 737 2199 responsum
752 2125 914 2198 acciperet.
949 2125 1013 2183 Xll.
1038 2129 1122 2198 post-

141 2207 311 2283 quamdics
321 2209 392 2268 data
402 2206 526 2267 indutiis
540 2205 734 2282 praeteriit**
743 2207 955 2282 navigantibus
971 2207 1050 2267 ostio
1064 2204 1121 2264 Nili

142 2292 185 2350 ad
198 2291 359 2364 Pelusium,
377 2307 432 2366 per
446 2291 568 2350 deserta
582 2289 714 2349 Arabiae
729 2289 762 2328 **
777 2290 817 2348 ad
829 2289 995 2364 Memphim
1009 2290 1120 2348 incole-

142 2375 225 2448 bant,
251 2384 282 2435 et
300 2376 339 2434 ab
361 2373 470 2435 ceteris
496 2373 674 2450 Aegyptiis,
704 2373 811 2446 partim
834 2373 990 2433 voluntate
1015 2371 1123 2448 partim

143 2468 241 2532 metu,
262 2459 301 2518 ad
315 2458 541 2518 Alexandream
563 2456 690 2518 modieis
705 2457 861 2517 itineribus
877 2457 1046 2517 descendit.
1085 2455 1125 2514 ad

142 2542 318 2602 Eleusinem
332 2549 527 2616 transgresso
546 2541 677 2614 flumen,
706 2541 757 2614 qni
778 2543 864 2601 locus
886 2547 1029 2615 quattuor
1043 2537 1126 2598 milia

141 2625 488 2697 abAlexandrcaabest,
504 2623 944 2699 legatiRomanioccurrerunt.
967 2638 1125 2698 quoscum

143 2707 345 2768 advenientes
373 2711 551 2779 salutasset,
577 2709 777 2783 dextramque
795 2707 924 2782 Popillio
944 2707 1124 2783 porrigeret,

141 2792 273 2851 tabellas
290 2790 318 2851 ei
332 2790 475 2866 Popillius
490 2798 614 2850 senatus
630 2794 802 2852 consultum
814 2791 961 2866 scripturn
975 2790 1124 2848 habentes

143 2874 243 2947 tradit,
259 2881 351 2950 atque
366 2873 498 2934 omnium
515 2876 643 2949 primum
658 2875 687 2934 id
704 2874 807 2948 legere
817 2875 908 2934 iubet.
932 2873 1044 2949 quibus
1057 2887 1125 2946 per-

143 2959 231 3017 lectis
254 2973 321 3018 cum
345 2974 380 3018 se
403 2958 664 3019 consideraturum
684 2957 827 3017 adhibitis
843 2957 964 3030 enticis,
988 2955 1060 3032 quid
1082 2956 1126 3014 ia·-

143 3041 287 3101 eiendum
303 3043 360 3101 sibi
376 3050 461 3102 csset
471 3041 616 3116 dixisset,
637 3041 800 3116 Popillius,
817 3056 874 3115 pro
891 3048 992 3101 cetera
1006 3039 1125 3113 asperi-

142 3129 207 3181 tate
230 3124 334 3197 animi,
359 3126 446 3198 virga
467 3143 556 3200 quam
576 3125 606 3184 in
623 3141 715 3185 manu
740 3124 864 3199 gerebat
889 3123 1127 3196 circumscripsit

142 3221 265 3279 regem3
296 3223 332 3266 ac
356 3208 561 3284 „priusquam
587 3208 646 3269 hoc
679 3208 794 3268 circulo
820 3209 980 3268 excedas“
1009 3203 1128 3280 inquit“

145 3289 262 3364 „redde
277 3306 470 3366 responsum,
485 3291 603 3352 senatui
618 3292 702 3368 quod
713 3293 873 3351 referam.“
895 3290 1127 3364 obstupefactus

141 3384 206 3436 tam
222 3374 356 3435 violento
372 3374 499 3448 imperio
511 3391 675 3451 parumper
686 3391 754 3436 cum
765 3373 958 3446 haesitasset,
974 3371 1128 3443 „iaciam“

145 3456 245 3534 inquit
258 3457 366 3536 „quod
379 3465 484 3518 censet
498 3463 653 3518 senatus.“
677 3467 740 3519 tum
755 3459 876 3518 demum
890 3455 1036 3532 Popillius
1051 3453 1128 3513 dex-
