2598 3956
137 205 140 210 ’
179 201 242 270 152
298 203 414 265 LtBER
426 202 515 264 xbtt.
530 201 612 261 ene.
624 209 667 263 aa.
684 207 720 274 [a.
732 205 766 256 υ.
780 223 804 258 0.
815 208 876 263 sac.
891 223 917 258 a.
929 205 961 257 c.
976 205 1037 272 rra]

178 356 270 419 rediit
283 356 439 432 aliquanto
455 355 556 416 serius
572 369 664 430 quam
675 360 800 415 senatus
814 362 983 430 censuerat,
999 355 1048 416 cui
1061 356 1161 431 primo

180 456 307 518 quoque
328 448 467 515 tempore
486 438 682 513 magistratus
697 436 809 511 creari,
832 452 901 497 cum
917 443 1032 499 tantum
1046 439 1161 500 bellum

178 525 363 597 immineret,
386 538 451 583 ere
467 522 591 598 publica
603 521 705 590 visum
721 528 795 582 erat.
817 521 921 596 itaque
935 538 997 583 non
1012 522 1160 584 secundis

178 608 306 670 auribus
320 615 440 683 patrum
456 605 577 667 auditus
593 613 642 667 est
655 606 773 678 consul,
795 621 864 665 cum
879 604 908 664 in
921 607 999 666 aede
1012 605 1160 668 Bellonae

176 693 217 752 dc
238 692 333 753 rebus
353 691 384 750 in
404 690 567 766 Liguribus
588 689 685 766 gestis
706 689 881 750 dissereret„
903 690 1159 751 succlamationes

179 777 359 851 trequentes
380 783 466 836 erant
486 773 820 850 interrogationesque,
843 789 898 833 cur
917 773 1035 834 scelere
1056 774 1159 834 fratris

178 875 350 936 oppressos
364 858 493 934 Ligures
514 859 544 918 in
559 858 728 919 libertatem
743 872 805 917 non
819 854 1014 918 restituisset.
1037 857 1160 918 comitia

177 944 360 1018 consularia,
375 942 406 1002 in
424 958 514 1016 quam
529 942 630 1002 edicta
645 945 732 1001 erant
745 940 841 1014 diem,
857 948 929 1002 ante
944 939 1026 1000 diem
1040 940 1159 1002 duodo-

177 1029 288 1088 cimum
306 1026 374 1086 Kal.
396 1025 522 1085 Martias
543 1031 615 1086 sunt
627 1023 739 1084 habita.
764 1023 856 1084 creati
872 1024 1018 1086 consules
1031 1023 1064 1084 P.
1079 1025 1158 1084 Lici·

175 1111 247 1170 nius
263 1110 394 1172 crassus
410 1109 440 1169 G.
459 1107 584 1169 Cassius
606 1109 772 1183 Longinus.
794 1115 921 1184 postero
936 1108 985 1168 die
999 1116 1158 1184 praetores

174 1195 247 1254 lacti
269 1194 300 1254 C.
322 1192 478 1268 Sulpicius
499 1192 596 1252 Galba
617 1191 651 1250 L.
671 1191 782 1254 Furius
801 1190 906 1253 Philus
931 1191 966 1252 L.
995 1191 1158 1254 Canuleius

173 1278 269 1340 Dives
292 1279 323 1339 G.
343 1277 503 1338 Lucretius
524 1276 630 1338 Gallus
651 1275 682 1336 (i.
698 1275 843 1337 Caninius
858 1275 986 1336 Rebilus
999 1276 1033 1335 L.
1048 1275 1158 1336 Villius

172 1363 313 1422 Annalis.
342 1361 390 1421 his
406 1360 600 1436 praetoribus
621 1359 799 1436 provinciae
813 1359 970 1434 decretae,
997 1359 1077 1421 duae
1092 1360 1158 1420 iure

173 1446 292 1507 Romae
303 1445 446 1520 dicendo,
457 1443 608 1521 Hispania
619 1451 650 1506 et
660 1443 764 1505 Sicilia
775 1452 805 1505 el
815 1442 965 1518 Sardinia,
977 1451 1011 1505 ut
1023 1445 1074 1504 uni
1086 1461 1157 1505 sors

175 1529 295 1605 integra
306 1538 398 1602 esset,
412 1544 474 1604 quo
487 1536 612 1591 senatus
625 1528 806 1589 censuisset.
823 1528 1004 1589 consulibus
1015 1527 1157 1604 designa-

174 1611 214 1674 tis
236 1613 398 1689 imperavit
417 1620 560 1686 senatus,
585 1620 619 1682 ut
639 1629 701 1687 qua
721 1611 772 1672 die
794 1611 1004 1688 magistratum
1018 1612 1156 1686 inissent,

174 1695 284 1758 hostiis
299 1695 467 1758 maioribus
482 1695 540 1755 rite
553 1695 693 1757 mactatis
710 1704 924 1771 precarentur,
945 1703 979 1757 ut
994 1697 1078 1773 quod
1092 1697 1156 1758 bel·

174 1780 238 1840 lum
258 1783 393 1857 populus
414 1781 573 1842 Romanus
594 1780 625 1840 in
646 1780 747 1841 animo
769 1780 899 1842 haberet
917 1796 1043 1857 gerere,
1071 1788 1104 1841 ut
1125 1781 1157 1842 id

175 1869 362 1941 prosperum
377 1862 522 1925 eveniret.
549 1863 658 1925 eodem
674 1865 724 1924 die
739 1863 875 1925 decrevit
888 1872 1030 1939 senatuS,
1052 1865 1085 1926 (i.
1100 1863 1156 1924 Po-

175 1948 278 2023 pillius
293 1949 402 2009 consul
417 1949 508 2010 ludos
529 1963 586 2024 per
606 1947 674 2008 dies
689 1949 796 2009 decern
811 1949 877 2010 lovi
893 1947 1007 2025 optimo
1022 1950 1155 2010 maximo

175 2040 318 2106 voveret,
339 2033 484 2108 donoque
497 2033 579 2092 circa
594 2032 697 2093 omnia
710 2032 881 2108 pulvinaria
897 2034 971 2107 dari,
993 2033 1020 2095 si
1034 2050 1085 2094 res
1100 2049 1155 2109 pu-

174 2115 256 2176 blica
271 2114 378 2177 decem
394 2132 493 2178 annos
508 2117 537 2176 in
553 2117 760 2178 eodemstatu
781 2117 901 2180 luisset.
924 2119 965 2178 ita
979 2126 1012 2179 ut
1027 2133 1156 2179 censue-

172 2207 251 2272 rant,
267 2201 298 2260 in
314 2200 462 2276 Capitolio
479 2200 562 2261 vovit
576 2201 684 2262 consul
695 2202 787 2262 ludos
799 2201 865 2263 lieri
878 2202 1068 2278 denarioque
1080 2202 1155 2276 dari,

175 2291 290 2358 quanta
301 2299 341 2346 ex
352 2285 484 2360 pecunia
495 2285 656 2345 decresset
664 2293 801 2358 senatus,
814 2299 883 2346 cum
895 2294 1016 2347 centum
1028 2292 1058 2347 et
1069 2286 1155 2361 quin·

137 2365 144 2376 ”
174 2368 320 2443 quaginta
340 2384 401 2428 non
423 2369 523 2429 minus
545 2370 700 2430 adessent.
735 2377 902 2445 praeeunte
923 2369 1017 2431 verba
1038 2369 1155 2445 Lepido

174 2452 320 2526 pontifice
335 2451 468 2514 maximo
483 2452 516 2512 id
530 2458 634 2513 votum
649 2461 829 2529 susceptum
844 2461 901 2515 est.

258 2535 304 2594 Eo
320 2551 399 2594 anno
416 2537 594 2596 sacerdotes
610 2535 726 2611 publici
740 2538 866 2610 mortui,
887 2539 920 2597 L.
935 2538 1085 2599 Aemilius
1099 2537 1157 2597 Po-

174 2634 235 2693 pus
256 2619 412 2680 decemvir
434 2634 592 2681 sacrorum
613 2628 643 2681 et
668 2619 702 2694 Q.
721 2619 848 2683 Fulvius
861 2621 992 2683 Flaccus
1007 2621 1154 2696 pontilex,

174 2701 228 2777 qui
244 2703 347 2777 priore
362 2719 441 2765 anno
456 2704 555 2764 tuerat
569 2719 689 2764 censor.
712 2703 762 2764 hic
777 2706 869 2766 locda
884 2713 980 2766 morte
995 2706 1093 2781 periit.
1115 2720 1155 2764 ex

174 2787 296 2849 duobus
311 2786 381 2848 filiis
397 2788 480 2859 eius,
503 2786 632 2863 quitum
648 2789 678 2848 in
694 2787 817 2866 Illyrico
832 2789 1014 2864 militabant,
1036 2786 1154 2849 nuntia·
1179 2809 1183 2820 ¹

173 2876 237 2930 tum
251 2874 379 2933 alterum
393 2874 559 2947 decembre,
574 2877 700 2935 alterum
714 2874 800 2948 gravi
814 2881 844 2934 et
858 2873 1033 2949 periculoso
1046 2872 1155 2935 morbo

172 2969 300 3028 aegrum
311 2971 391 3016 esse.
405 2957 506 3018 obruit
516 2958 648 3018 animum
660 2958 750 3018 simul
762 2959 861 3034 tuctus
872 2965 1049 3032 metusquo=
1065 2972 1155 3017 manc

173 3037 305 3110 ingressi
332 3039 503 3100 cubiculum
526 3041 607 3101 servi
631 3043 742 3116 laqueo
757 3041 984 3116 dependentem
997 3040 1155 3101 invenere.

174 3127 241 3178 erat
262 3120 366 3194 opinio
389 3130 461 3197 post
481 3139 642 3184 censuram
663 3125 764 3185 minus
786 3131 961 3201 compotem
976 3125 1074 3185 luisse
1090 3124 1154 3187 sui:

174 3204 267 3279 vulgo
282 3204 406 3265 lunonis
421 3207 564 3268 Laciniae
577 3206 654 3268 iram
675 3207 714 3268 ob
735 3208 900 3282 spoliatum
919 3211 1066 3284 templum
1082 3209 1154 3269 alie·

173 3303 268 3348 nasse
279 3295 409 3348 mentem
420 3291 566 3352 terebant.
582 3292 730 3353 suffectus
749 3293 778 3352 in
790 3293 909 3355 Aemilii
920 3294 1022 3355 locum
1033 3292 1153 3353 decem-

174 3370 223 3431 vir
235 3370 274 3431 Μ.
288 3372 430 3434 Valerius
445 3373 605 3445 Messalla;
626 3375 656 3434 in
671 3375 768 3436 Fulvii
784 3377 921 3452 pontifex
936 3374 990 3438 (ln.
1004 3374 1154 3437 Domitius

172 3454 401 3519 Ahenobarbus
418 3456 535 3534 oppido
551 3457 734 3521 adolescens
749 3462 898 3522 sacerdos
911 3462 962 3521 'est
975 3460 1083 3521 lectus.
