2592 3964
231 245 348 307 llBElt
361 247 422 306 XL.
442 245 525 306 cll.
542 255 567 307 r.
581 255 608 306 r.
632 253 668 320 [a.
681 252 717 306 n.
733 270 756 306 c.
772 255 833 314 eru.
850 271 874 308 a
887 253 919 308 c.
936 255 999 324 rer]
1085 249 1126 313 53

198 413 324 450 moran
339 399 412 464 regni
431 398 472 452 ani
488 397 638 462 relinquere.
673 399 721 450 aad
748 399 774 452 in
799 398 848 450 hcc
868 401 1023 466 cogitatione
1046 410 1127 454 morte

195 475 286 533 ruptus
303 474 350 520 est.
384 481 491 535 regnum
508 465 615 521 Peraeae
632 468 737 540 accepit.

228 570 254 630 l.
274 569 427 646 Principio
442 569 632 647 insequentis
653 570 727 632 acui
746 572 891 634 consum
905 579 1127 652 praetoresque

141 653 244 716 sumiti
255 654 432 730 provincias
446 661 527 718 scunt
557 654 737 716 consulibus
752 655 835 717 unda
853 663 976 733 praeter
988 657 1126 733 Ligures,

143 751 227 815 quae
247 739 476 813 decerneretur,
498 745 574 799 crat.
608 737 777 800 iurisdictio
798 739 917 802 urbana
935 739 978 801 ll.
997 741 1126 818 cumulo

143 821 250 898 Gallo,
271 821 350 883 inter
368 823 549 898 peregrinos
569 822 612 884 Μ.
625 823 755 885 Valerio
773 824 889 898 euenit,
910 824 1127 902 Hispaniarum

142 903 429 980 enarmonicum
449 905 584 980 citerior,
605 905 637 966 P.
652 906 770 970 Manlio
784 907 924 984 ulterior,
945 909 980 972 l.
995 908 1126 970 caecilio

140 989 251 1051 Dentri
273 987 391 1066 Sicilia,
413 988 445 1049 (l.
462 991 607 1052 Terentio»
624 991 721 1052 letrae
741 989 891 1053 Sardinia.
926 992 1126 1056 dilecmsbn

130 1073 218 1134 bere
239 1073 386 1140 consules
406 1075 493 1134 iussi.
528 1075 562 1148 Q.
582 1073 696 1140 Fabius
718 1091 759 1136 ex·
775 1075 939 1152 Liguribus
960 1077 1128 1155 scripserat

139 1157 296 1234 Apuanos
307 1157 349 1219 ad
366 1157 563 1220 rebellionem
578 1167 734 1235 spectare,
748 1160 979 1236 periculumque
990 1177 1073 1239 esec,
1087 1177 1126 1222 ne

143 1241 292 1318 impetum
305 1241 337 1301 in
350 1257 460 1318 agmen
473 1241 617 1305 inanum
632 1244 778 1304 lacerent.
807 1251 839 1304 et
857 1259 898 1304 ex
910 1245 1070 1320 Hispaniis
1085 1246 1126 1309 ci·

142 1325 289 1386 leniorem
302 1325 334 1386 iu
348 1325 442 1387 armis
457 1339 533 1386 esso
543 1331 576 1386 et
590 1343 662 1390 cum
677 1326 834 1394 Celtilmris
848 1326 956 1388 bellari
971 1330 1123 1400 sciebant;

141 1409 174 1469 in
189 1409 346 1484 ulteriore,
362 1409 436 1485 quia
450 1409 504 1470 diu
516 1424 610 1484 aeger
623 1417 709 1472 esset
723 1417 860 1486 praetor,
883 1412 1004 1473 luxuria
1017 1421 1048 1473 et
1063 1415 1125 1474 olio

140 1494 277 1559 ¹solutum
291 1491 486 1569 disciplinam
498 1493 658 1554 militarem
677 1509 758 1556 esse
788 1493 828 1558 cb
842 1509 881 1556 ea
893 1511 998 1558 uerus
1009 1497 1125 1558 exerci-

141 1584 194 1639 tus
215 1575 373 1640 conscribi
390 1576 521 1655 placuit,
544 1584 686 1654 quattuor
705 1579 846 1654 legiones
863 1581 898 1640 in
916 1580 1061 1657 Lipares,
1082 1580 1126 1642 uti

142 1660 283 1736 singulm
297 1661 392 1737 quina
404 1659 487 1724 milia
500 1667 533 1722 et
546 1662 685 1724 ducenos
711 1662 847 1739 pedites,
873 1671 1017 1729 trecenos
1030 1665 1125 1726 babe-

141 1751 212 1806 rent
225 1743 360 1821 equitas,
377 1745 533 1808 sociorum
551 1745 663 1810 iisdem
681 1747 779 1808 Latini
798 1748 931 1810 nominis
951 1749 1125 1825 quindecim

140 1827 227 1890 milia
238 1828 375 1906 peditum
389 1829 494 1891 addita
508 1836 539 1890 et
553 1831 717 1906 octingenti
733 1831 863 1908 equites.
889 1832 921 1892 lii
936 1832 999 1894 duo
1013 1847 1124 1894 eonsu-

141 1913 227 1975 lares
242 1911 394 1976 exercitus
408 1921 523 1974 essent
560 1914 696 1975 scribere
721 1921 881 1992 praeterea
904 1916 981 1977 iussi
1006 1923 1125 1992 septem

140 1997 226 2060 milia
240 1997 378 2074 peditum
392 1996 546 2058 sociorum
572 2014 609 2059 ac
633 1997 733 2059 Latini
756 1999 904 2076 nominis,
931 2009 961 2060 et
981 1999 1125 2076 quadrin-

142 2088 255 2158 gentos
269 2081 406 2158 equites,
433 2087 464 2142 el
487 2080 606 2144 mittere
628 2083 670 2142 ad
690 2082 732 2144 Μ.
745 2083 923 2147 Marcellum
939 2085 969 2144 in
987 2085 1123 2160 Galliam,

143 2165 194 2226 cui
207 2180 249 2227 ex
263 2167 426 2228 consulatu
447 2172 645 2242 prorogatum
665 2165 825 2243 imperium
846 2175 920 2227 erat.
959 2168 990 2227 in
1012 2167 1124 2243 Hispa-

142 2249 225 2310 niam
238 2255 400 2326 ulramqne
414 2249 705 2326 manducarentur,
722 2256 867 2326 quattuor
883 2250 967 2310 milia
987 2251 1124 2326 peditum

142 2332 256 2394 civium
269 2333 477 2395 Romanorum
502 2339 532 2394 ct
555 2333 678 2394 ducenti
703 2333 837 2411 equites,
862 2341 892 2395 et
906 2333 1061 2395 sociorum
1075 2350 1124 2394 se·

143 2423 226 2493 ptem
240 2417 324 2480 milia
336 2416 473 2494 peditum
487 2432 556 2478 cum
576 2417 720 2480 trecentis
743 2417 897 2494 equitibus
917 2417 1011 2480 scribi
1024 2418 1123 2480 iussa.
1237 2470 1239 2473 .

139 2507 174 2561 ct
188 2499 223 2574 Q.
234 2500 332 2564 Fabio
346 2500 482 2563 Labeoni
497 2515 568 2563 cum
581 2503 733 2578 exercitu,
752 2517 843 2578 quem
862 2501 1011 2577 habebat,
1026 2502 1057 2564 in
1073 2502 1123 2563 Ii·

143 2582 272 2662 gruibus
287 2592 485 2662 prorogatum
499 2585 531 2646 iu
544 2602 658 2648 anuum
672 2587 831 2664 imperium
847 2593 904 2648 est.

227 2669 264 2729 ll.
286 2671 352 2730 Ver
364 2669 572 2747 procellosum
585 2686 624 2732 eo
635 2685 716 2732 anno
731 2671 796 2731 luit.
820 2671 921 2746 pridie
930 2669 1049 2746 Parilia,
1062 2686 1124 2731 me

143 2753 196 2816 dio
213 2755 309 2815 ferme
324 2754 389 2830 die,
404 2761 492 2816 atrox
506 2771 576 2816 cum
590 2762 682 2816 vento
702 2761 869 2830 tempestas
892 2761 1000 2815 coorta
1021 2754 1123 2815 multis

143 2839 241 2900 sacris
256 2838 457 2914 profanisque
471 2838 548 2900 locis
563 2845 695 2915 stragem
711 2839 795 2915 iecit,
809 2839 897 2914 signa
911 2853 1008 2898 aenea
1021 2837 1053 2897 in
1068 2837 1124 2898 Ca·

143 2921 251 2997 pitolic
276 2921 402 2996 deiecit,
428 2924 524 2982 iorem
549 2939 589 2983 ex
612 2923 691 2984 aeda
710 2923 815 2984 Lunae
830 2938 909 2998 quae
923 2921 954 2982 in
968 2921 1123 2984 Aventino

143 3012 192 3066 est
205 3011 322 3082 raptam
337 3005 404 3067 tulii
416 3014 448 3068 et
460 3007 490 3066 ln
506 3007 632 3083 posticis
644 3007 811 3084 parietibus
824 3007 943 3068 Cereris
954 3007 1058 3082 templi
1070 3006 1124 3067 ad·

142 3089 224 3163 fixit,
247 3087 337 3166 signa
360 3090 420 3150 alia
446 3091 478 3151 in
495 3091 577 3152 circo
601 3092 735 3152 maximo
759 3109 827 3152 cum
846 3090 996 3152 columnis
1011 3091 1124 3166 quibus

144 3173 362 3248 superstabant
377 3175 500 3248 evertit,
516 3175 638 3252 lastigia
653 3177 770 3252 aliquot
788 3177 971 3253 templorum
985 3192 1005 3236 a
1018 3174 1123 3236 culmi-

143 3255 234 3318 nibus
248 3255 661 3336 abruptalcededlssipavit.
693 3261 797 3338 itaque
807 3260 838 3322 iu
850 3259 1023 3338 prodigimn
1033 3273 1125 3318 versa

144 3355 182 3402 ca
195 3347 380 3416 tempestas,
396 3343 619 3420 procurarique
638 3345 819 3421 haruspices
840 3346 1006 3407 iusserunt.
1035 3341 1124 3402 simul

144 3432 339 3500 procuratum
354 3433 402 3486 est
419 3427 503 3502 quod
518 3427 666 3502 tripedem
680 3429 794 3490 mulum
813 3429 908 3489 Reate
930 3435 1035 3488 natum
1049 3441 1125 3485 urin-

142 3507 249 3574 uatum
263 3515 345 3584 erat,
361 3515 390 3570 ct
404 3525 423 3568 a
437 3509 567 3572 Formiis
587 3512 695 3572 aedem
716 3511 870 3590 Apollinis
890 3528 927 3573 ac
949 3509 1071 3572 Caietae
1085 3507 1125 3569 de
