2598 3956
197 220 239 284 eo
372 216 488 277 tisun
502 215 562 274 xc.
586 212 670 274 cur.
682 220 726 276 ³1.
737 219 780 276 aa.
803 214 839 290 [a.
853 217 888 272 u.
902 213 1001 290 aar]

194 375 275 436 libus
297 369 532 448 provincialium
552 367 734 429 auxiliorum
756 367 916 428 circumire
937 374 1070 429 montem
1084 369 1181 448 iubet,

195 459 247 534 qui
262 456 300 517 ab
316 462 401 530 tergo
416 453 558 515 hostibus
574 457 655 522 erat;
677 450 764 526 inde,
780 451 832 512 ubi
848 451 1012 513 clamorem
1027 453 1178 524 audisset,

194 543 358 602 decurrere
378 539 419 600 ad
439 543 541 598 castra
558 551 674 596 eorum.
704 541 795 600 nocte
809 534 940 612 protecti
954 543 1033 610 sunt,
1049 552 1089 599 nc
1102 555 1177 615 pos·
1285 611 1286 614 Ἴ

193 632 263 686 sent
283 622 432 698 conspici.
459 621 588 682 Flaccus
603 620 672 680 luce
685 618 785 696 prima
799 618 830 680 0.
846 617 1040 682 Scribonium
1055 624 1176 698 praele-

193 717 274 771 ctum
289 707 407 770 socium
421 705 461 766 ad
474 705 589 766 vallum
602 703 737 765 hostiurn
752 719 821 764 cum
837 701 991 781 equitibus
1007 706 1194 767 extraordi:

191 793 286 854 uariis
306 790 450 854 sinistrae
470 791 538 852 alae
552 788 655 858 mittit3
677 801 757 864 quos
771 787 824 849 ubi
839 795 869 850 et
881 786 1012 865 propius
1027 789 1183 852 accedere

191 887 222 938 et
236 879 340 955 plures
358 890 449 952 quam
464 871 545 935 soliti
560 879 647 934 erant
661 871 801 933 Celtiberi
817 880 1060 948 conspexerunt,
1076 871 1178 935 omnis

191 961 346 1036 equitatus
362 957 527 1020 effunditur
541 957 666 1031 castris,
682 955 773 1017 simul
788 963 819 1018 et
832 955 985 1032 peditibus
1000 957 1121 1033 signum
1137 958 1177 1018 ad

192 1045 368 1105 exeundum
389 1043 488 1104 datur·
517 1039 714 1114 Scribonius,
738 1039 781 1100 uti
803 1046 1001 1117 praeceptum
1022 1046 1103 1114 erat,
1124 1039 1178 1102 ubi

149 1125 153 1134 ‘
191 1130 322 1204 primum
334 1125 485 1188 fremitum
497 1123 803 1200 equesuemaudtvb,
812 1125 920 1186 avertit
930 1139 1029 1199 equos
1038 1132 1179 1186 etcastra

189 1212 310 1288 repetit.
340 1217 378 1272 eo
393 1209 524 1270 effusius
539 1207 629 1285 sequi
643 1208 759 1270 hostes.
787 1208 885 1283 primo
901 1209 1037 1284 equites,
1059 1223 1132 1270 mox
1147 1215 1179 1269 et

191 1296 327 1371 peditum
349 1295 432 1356 acies
455 1293 574 1365 aderat,
595 1293 679 1354 haud
699 1291 793 1353 dubia
812 1307 870 1368 spe
890 1299 992 1354 castra
1012 1307 1049 1353 en
1071 1293 1122 1353 die
1142 1308 1183 1354 scv

193 1387 436 1457 oppugnaturos.
459 1377 654 1454 ⁴quingentos
676 1391 806 1452 passus,
827 1392 889 1438 non
909 1379 979 1452 plus
995 1377 1109 1438 avallo
1124 1375 1177 1437 ab·

192 1471 286 1526 erant.
310 1465 413 1539 itaque
426 1463 556 1524 Flaccus
570 1461 623 1522 ubi
638 1461 713 1521 satis
728 1459 900 1522 abstractos
915 1476 971 1522 eos
987 1476 1005 1519 a
1020 1459 1177 1536 praesidio

192 1555 363 1609 castrorum
374 1561 500 1608 suorum
509 1552 595 1606 ratus
607 1552 663 1618 est,
671 1545 750 1604 intra
758 1545 873 1606 vallum
884 1543 1021 1606 exercitu
1029 1543 1178 1606 instructo

192 1631 289 1692 tribus
306 1630 444 1708 partibus
459 1630 549 1690 simul
565 1629 704 1704 erumpit,
720 1629 853 1689 clamore
866 1644 929 1690 non
943 1635 1060 1691 tanturn
1074 1629 1114 1690 ad
1128 1643 1177 1688 ar·

192 1714 299 1776 dorem
317 1730 440 1791 pugnae
460 1712 657 1774 excitandum
677 1711 813 1787 sublato,
839 1713 896 1774 sed
916 1711 1006 1775 etiam
1024 1718 1059 1774 ut
1079 1711 1178 1789 quiin

192 1799 347 1861 montibus
369 1806 455 1860 erant
475 1795 665 1864 exaudirent.
699 1811 756 1857 nec
770 1796 878 1857 morati
893 1805 964 1858 sunt
978 1797 1052 1872 quin
1069 1796 1178 1857 decur-

134 1877 136 1880 ’
194 1890 308 1958 renent,
325 1883 405 1944 sicut
419 1881 601 1958 imperatum
616 1887 690 1954 erat,
705 1880 747 1941 ad
761 1887 880 1950 castrum
903 1879 956 1941 ubi
973 1881 1108 1956 quinque
1122 1878 1178 1940 mi·

194 1966 266 2027 lium
280 1973 480 2039 armatorum,
502 1980 564 2026 non
578 1965 725 2041 amplius,
747 1963 883 2026 relictum
899 1970 965 2025 erat
978 1962 1184 2039 praesidium,

196 2061 275 2124 quos
296 2066 365 2112 cum
380 2056 411 2111 et
427 2049 566 2125 paucitas
582 2064 640 2110 sua
654 2054 685 2108 et
698 2048 856 2109 multitudo
871 2046 1005 2110 hostium
1020 2055 1051 2108 et
1063 2047 1178 2123 impro-

195 2131 261 2194 visa
274 2149 325 2195 res
339 2134 509 2209 terruisset,
524 2148 623 2210 prope
638 2132 705 2193 sine
719 2131 884 2196 certamine
895 2130 1055 2207 capiuntur
1066 2137 1179 2192 castra.

194 2217 304 2279 castris
327 2233 407 2294 quae
427 2233 501 2294 pars
521 2218 653 2278 maxime
674 2216 880 2292 pugnantibus
896 2215 1034 2291 conspici
1049 2222 1179 2293 poterat,

193 2302 297 2363 iniecit
308 2300 428 2363 Acilius
448 2303 558 2376 ignem.
589 2299 709 2360 xxxll.
730 2301 879 2376 postremi
894 2300 1111 2363 celtiberorum
1127 2299 1179 2376 qui

193 2385 223 2445 in
249 2385 316 2446 acie
339 2392 441 2458 eraut,
469 2383 561 2461 primi
584 2383 736 2444 flammam
758 2399 964 2461 conspexere,
991 2385 1103 2446 deinde
1123 2399 1183 2459 per

193 2475 286 2531 totam
307 2467 403 2529 aciem
424 2468 581 2544 vulgatum
596 2474 644 2527 est
657 2474 758 2528 castra
772 2469 887 2530 amissa
901 2484 973 2530 esse
988 2475 1019 2530 et
1032 2477 1095 2530 tum
1109 2483 1179 2529 cum

193 2551 326 2611 maxime
346 2552 465 2611 ardere.
493 2550 577 2612 unde
597 2550 657 2612 illis
672 2559 785 2627 terror,
806 2552 880 2612 inde
893 2553 1041 2615 Romanis
1059 2552 1182 2614 animus

194 2633 300 2695 crevit.
322 2635 381 2695 inm
398 2637 513 2696 clamor
528 2650 654 2697 suorum
670 2635 853 2698 vincentium
869 2636 1038 2712 accidebat,
1055 2637 1116 2697 iam
1130 2652 1181 2696 ar-

194 2718 297 2779 dantia
311 2717 445 2782 hostium
461 2728 563 2782 castra
576 2719 775 2797 apparebant.
798 2719 937 2781 celtiberi
952 2735 1120 2796 parumper
1133 2719 1180 2780 iu-

194 2803 287 2866 certis
309 2803 418 2866 animis
438 2803 576 2868 fluctuati
597 2811 682 2866 sunt:
706 2811 840 2866 ceterum
855 2811 1020 2880 postquam
1033 2811 1182 2881 receptus

194 2888 292 2961 pulsis
317 2890 420 2950 nullus
442 2898 521 2964 erat,
549 2905 607 2950 nec
627 2905 759 2965 usquam
779 2887 839 2950 nisi
859 2889 889 2949 in
910 2887 1075 2951 certamine
1094 2904 1180 2964 spes,
1285 2889 1286 2892 ’

195 2972 380 3046 pertinacius
396 2973 435 3033 de
450 2973 569 3048 integro
586 2980 755 3048 capessunt
770 2988 912 3050 pugnam.
933 2973 1000 3033 acie
1013 2971 1115 3033 media
1128 2989 1180 3033 nr-

193 3053 343 3128 gebantur
354 3056 492 3118 acritera
505 3057 610 3134 quinta
625 3057 760 3134 legione:
776 3058 928 3118 adversus
940 3056 1061 3117 laevum
1072 3071 1183 3132 cornu,

153 3187 157 3193 ,
194 3137 303 3213 inquo
325 3140 373 3200 sui
392 3141 514 3216 generis
530 3142 731 3218 provincialia
744 3139 859 3203 auxilia
871 3140 1056 3203 instruxisse
1067 3141 1182 3202 lmen-

194 3237 252 3283 nos
274 3225 453 3301 cernebant,
474 3241 544 3287 cum
558 3227 675 3287 maiore
689 3223 802 3287 fiducia
816 3225 980 3288 intulerunt
995 3223 1091 3301 signa.
1119 3223 1182 3284 iam

195 3322 293 3384 prope
318 3315 384 3368 erat
395 3315 430 3369 ut
443 3310 597 3371 sinistrum
613 3325 707 3372 cornu
724 3309 886 3386 pelleretur
899 3308 1061 3380 Romanis,
1084 3308 1114 3369 ni
1129 3323 1181 3372 se·

122 3438 126 3448 .
195 3391 289 3465 plima
303 3392 382 3468 legio
399 3393 614 3456 successisset.
636 3393 726 3454 simul
742 3393 781 3454 ab
796 3393 912 3469 oppido
927 3393 1062 3468 Aebura,
1077 3392 1130 3468 qui
1147 3393 1182 3453 in

196 3476 351 3555 praesidio
371 3479 466 3540 relicti
488 3487 588 3553 erant,
610 3477 639 3538 in
660 3477 761 3538 medio
783 3477 893 3538 ardore
907 3493 1030 3554 pugnae
1046 3477 1183 3538 advene·
