2574 3954
283 217 399 281 LIBER
413 219 516 278 XLIV.
541 219 623 279 CAP.
640 227 683 282 11.
698 228 739 282 18.
763 227 920 294 [ac-169]
1033 222 1096 287 225

111 371 238 446 iuravit,
266 376 296 428 et
319 367 439 430 comitia
460 385 497 430 eo
520 370 574 430 die
592 370 643 446 qui
665 371 765 434 dictus
785 381 851 435 erat
865 380 937 436 sunt
951 377 1096 451 perlecta.

114 455 259 518 consulas
275 453 367 514 creati
382 453 415 512 L.
430 451 578 513 Aemilius
591 453 704 516 Paulus
719 451 836 532 iterum,
853 465 962 535 quarto
978 459 1098 522 decimo

113 555 193 602 anno
210 543 375 614 postquam
390 534 489 613 primo
506 539 614 599 oonsul
629 540 741 615 luerat,
764 550 794 602 et
812 541 843 605 G.
857 541 993 606 Licinius
1009 543 1097 610 Cras·

113 640 177 688 sus.
209 629 369 698 praetores
389 629 515 696 postero
537 621 678 684 dialecti
701 624 752 684 Cn.
774 624 907 686 Baebius
921 627 1097 704 Tamphilus

110 708 145 770 L.
165 706 294 766 Anicius
317 705 421 767 Gallus
448 705 499 766 Cn.
523 705 666 768 Octavius
690 706 722 766 P.
742 707 889 770 Fonteius
914 711 1030 772 Balbus
1055 712 1096 772 Μ.

110 791 264 853 Aebutius
283 789 381 850 Helva
403 788 594 869 c.Papi1ius
616 789 723 852 Carbo.
761 792 862 854 omnia
887 799 922 855 ut
948 795 1097 856 maturius

111 881 289 951 agerentur,
309 873 382 933 belli
399 872 591 934 Macedonici
613 875 787 937 stimulabat
807 892 888 938 cura.
922 878 1025 954 itaque
1046 877 1098 938 de-

112 960 250 1035 signatos
266 959 420 1034 extemplo
436 956 538 1019 sortiri
555 959 669 1035 placuit
689 961 882 1037 provincias,
903 969 936 1022 ut
955 963 1015 1024 utri
1034 961 1098 1024 Ma-

112 1043 244 1104 cedonia
258 1041 377 1114 consuli
393 1039 504 1116 cuique
519 1043 654 1118 praetori
676 1045 785 1106 classis
807 1045 946 1108 venisset
959 1045 1099 1122 sciretur,

111 1133 146 1189 ut
160 1126 219 1188 iam
234 1124 306 1200 inde
321 1126 490 1202 cogitarent
503 1135 708 1202 pararentque
720 1144 801 1205 quae
811 1129 892 1192 bello
904 1130 973 1192 usui
989 1130 1099 1206 forant,

112 1216 316 1286 senatumque
338 1209 549 1285 consulerent,
571 1211 598 1271 si
620 1227 682 1287 qua
701 1228 736 1272 re
751 1215 892 1275 consulto
909 1229 988 1291 opus
1004 1221 1098 1275 asset.

110 1293 251 1370 Latinas,
277 1293 330 1354 ubi
350 1291 560 1368 magistratum
580 1295 725 1372 inissent,
752 1297 837 1373 quod
855 1313 913 1373 per
932 1296 1098 1374 religiones

111 1385 236 1455 posset,
258 1375 357 1454 primo
375 1393 499 1454 quoque
513 1382 654 1453 tempore
667 1379 734 1440 lieri
748 1382 887 1456 placere,
909 1396 1099 1457 11111111-

113 1464 211 1540 sulem
227 1462 275 1522 cui
296 1461 432 1523 eundum
450 1462 482 1521 in
496 1460 709 1524 Macedoniam
730 1469 814 1524 asset
833 1462 939 1525 teneri.
975 1464 1025 1525 his
1046 1466 1098 1529 de·

115 1548 205 1608 cretis
222 1546 402 1607 oonsulibus
417 1545 504 1606 Italia
519 1551 549 1606 et
561 1543 752 1623 Macedonia,
767 1546 961 1623 praetoribus
975 1555 1100 1626 praetor

113 1631 192 1692 duas
209 1629 436 1692 iurisdictiones
457 1631 488 1690 in
506 1627 583 1690 urbe
603 1631 714 1692 classis
731 1636 763 1692 et
774 1629 925 1709 Hispania
943 1639 974 1694 et
995 1631 1099 1694 Sicilia

111 1721 143 1776 et
156 1713 298 1777 Sardinia
308 1714 486 1790 provinciae
501 1713 674 1775 nominatae
688 1721 768 1776 sunt.
787 1717 952 1778 consulum
966 1717 1097 1778 Aemilio

111 1797 309 1871 Macedonia,
334 1796 451 1859 Licinio
472 1798 557 1858 ltalia
578 1798 686 1859 evenit.
719 1803 879 1874 praetores
895 1799 948 1859 Cn.
961 1800 1097 1862 Baebius

111 1883 275 1957 urbanam,
295 1882 329 1944 L.
350 1883 478 1944 Anicius
500 1879 691 1958 peregrinam
711 1890 741 1944 et
763 1883 790 1944 si
808 1900 870 1960 quo
886 1891 1011 1945 senatus
1027 1900 1096 1946 cen-

112 1963 244 2042 suisset,
271 1967 323 2028 (ln.
345 1963 490 2030 01111113
518 1967 664 2041 classem,
685 1965 718 2025 P.
739 1965 886 2030 Fonteius
906 1967 1098 2044 Hispaniam,

114 2050 156 2111 M.
177 2048 316 2112 Aebutiam
337 2049 480 2126 Siciliam,
503 2050 534 2112 C.
548 2049 689 2126 Papirius
710 2050 883 2112 Sardiniam
897 2059 944 2115 est
958 2052 1096 2115 sortitus.

197 2134 305 2195 XVIII.
335 2133 497 2211 Extemplo
518 2134 660 2210 apparuit
681 2134 824 2196 omnibus
840 2152 903 2198 uon
918 2135 1053 2212 segniter
1067 2134 1099 2195 id

112 2219 226 2279 bellum
245 2217 278 2279 L.
294 2217 458 2279 Aemilium
478 2222 652 2292 gesturum,
678 2223 893 2294 praeterquam
915 2219 999 2296 quod
1020 2219 1098 2280 alius

112 2299 161 2362 vir
175 2309 249 2378 erat,
264 2300 354 2363 etiam
369 2300 453 2378 quod
468 2300 534 2362 dies
550 2306 721 2378 noctesque
731 2301 865 2364 intentus
877 2317 915 2363 ea
925 2303 1002 2376 sola,
1019 2317 1099 2379 quaa

113 2385 155 2447 ad
178 2385 210 2445 id
230 2385 344 2446 bellum
364 2384 565 2461 pertinerent,
588 2383 688 2446 animo
710 2383 853 2462 agitabat.
889 2383 949 2446 iam
964 2384 1099 2448 omniurn

112 2467 245 2547 primum
257 2485 275 2530 a
286 2475 395 2532 senatu
407 2467 491 2546 petit,
505 2474 539 2530 ut
552 2470 672 2546 legatos
683 2469 714 2530 in
721 2467 934 2532 Macedoniam
948 2467 1101 2533 mitterent

114 2553 155 2614 ad
169 2551 324 2618 exereitus
338 2553 488 2616 visendos
502 2555 698 2629 classemque
712 2559 742 2614 et
756 2560 914 2631 comperta
927 2554 1100 2630 reserenda,

115 2636 189 2713 quid
215 2646 268 2699 aut
291 2635 487 2698 terrestribus
512 2644 565 2698 aut
588 2637 749 2700 navalibus
775 2637 874 2714 copiis
896 2655 976 2715 opus
998 2647 1100 2710 esseta

113 2729 275 2798 praeterea
288 2727 322 2783 ut
336 2723 533 2797 explorarent
544 2720 651 2799 copias
666 2723 784 2798 regias,
800 2728 946 2798 quantum
961 2730 1099 2798 possent,

114 2819 239 2882 quaque
253 2803 414 2881 provincia
427 2813 542 2882 nostra,
558 2822 620 2883 qua
633 2805 769 2868 bostium
784 2807 878 2878 loret;
899 2811 1001 2867 utrum
1020 2804 1100 2868 intra

114 2891 212 2952 saltus
227 2897 327 2953 castra
340 2887 471 2952 Romani
484 2889 648 2965 haberent,
667 2907 707 2951 an
727 2889 788 2952 iam
809 2904 916 2950 omnes
939 2888 1100 2964 angustiae

114 2979 334 3050 exsuperataa,
361 2972 442 3036 etin
462 2990 563 3051 aequa
580 2976 650 3035 loca
663 2971 895 3051 pervenissent3
918 2969 971 3049 qui
990 2971 1100 3036 ildeles

113 3055 206 3119 nobis
221 3056 314 3134 socii,
337 3056 389 3134 qui
405 3057 488 3119 dubii
504 3072 741 3135 suspensaeque
756 3073 796 3119 ex
811 3058 933 3118 lortuna
947 3052 1030 3132 ildei,
1046 3056 1100 3132 qui

114 3140 190 3202 certi
204 3141 311 3210 hostes
325 3140 519 3213 viderenturt
541 3139 646 3219 quanti
659 3140 834 3218 praeparati
850 3145 1049 3216 commeatus,
1071 3148 1102 3202 et

113 3225 199 3288 unde
209 3222 346 3286 terrestri
359 3225 476 3300 itinere,
492 3226 572 3287 unde
586 3225 716 3287 navibus
731 3231 1004 3303 supportarentum
1027 3222 1101 3296 quid

115 3325 155 3372 ea
169 3315 287 3372 aestate
302 3314 383 3371 terra
403 3309 542 3386 marique
560 3325 663 3371 rerum
685 3316 841 3387 gestarum
863 3315 963 3370 113111
987 3322 1026 3367 ex
1050 3303 1100 3366 his

114 3392 195 3455 bene
211 3391 342 3470 cognitis
358 3399 441 3458 certa
454 3392 484 3454 in
500 3394 634 3456 laturum
650 3391 780 3456 consilia
795 3393 867 3470 capi
881 3407 987 3469 posse.
1010 3403 1100 3448 sena-

113 3483 165 3540 tus
178 3477 230 3540 cn.
246 3475 378 3541 Servilio
394 3477 513 3541 consuli
527 3476 682 3554 negotium
697 3475 797 3552 dedit,
817 3484 851 3537 ut
866 3475 895 3538 is
910 3472 942 3536 in
956 3471 1097 3536 Macedo

158 3579 183 3621 r.
206 3579 270 3622 trvr
291 3579 368 3624 raas
390 3564 429 3623 V.
860 3566 894 3620 15
