2598 3956
182 173 241 242 140
343 175 457 237 LIBER
471 175 558 236 xtll.
582 175 665 242 cel,
678 185 720 238 li.
734 183 776 238 13.
799 183 836 251 [ι.
850 181 882 235 U.
896 200 920 236 c.
933 184 996 251 580]

177 331 266 407 bere,
288 337 321 393 ιιι
334 329 470 394 externis
487 345 548 392 uon
562 335 661 405 egeat
686 328 812 404 triginta
824 327 906 390 mitia
918 327 1056 406 peditum
1073 329 1160 408 quin·

177 410 488 494 quemiliacquitum,
499 411 532 474 in
544 411 651 474 decern
662 413 955 476 annosirumentum
964 429 1160 492 praeparare,

176 504 210 560 ut
231 497 385 560 abstinere
405 503 436 558 et
454 511 513 560 suo
532 503 565 558 et
585 494 718 560 hostiurn
743 511 818 573 agro
839 495 1045 560 trumentandl
1066 513 1161 560 causa

177 581 287 659 possib
314 580 377 644 ianr
396 580 559 658 pecuniam
579 587 693 642 mntem
712 579 841 656 babere,
862 587 896 642 ut
915 581 1023 643 decem
1039 581 1160 644 militnm

176 664 457 728 mercennariorum
477 664 604 728 militum
624 670 748 741 practer
766 663 969 728 Macedonum
984 664 1092 742 copias
1107 667 1159 726 stl-

176 747 322 826 pendium
343 749 374 809 in
394 747 521 812 totidem
541 763 640 810 annos
663 754 878 826 praeparatum
892 746 1017 824 habeat,
1039 757 1161 826 praeter

175 833 326 908 annuum,
347 832 433 910 quod
452 847 494 894 ert
513 833 643 894 metallis
657 831 751 908 regiis
765 832 882 909 capiat,
904 831 1044 908 vectigal.
1075 848 1161 896 erma

114 947 117 953 ·
175 919 225 978 vel
239 917 336 980 tribus
351 914 442 980 ιιιιιίι
457 916 643 979 exercitibus
657 917 688 978 in
704 914 935 980 armamentaria
949 914 1158 994 congessisse.

176 1001 378 1073 iuventutern,
402 1005 435 1064 ut
452 999 512 1064 ianr
526 998 707 1066 Macedonia
721 997 859 1075 dederat,
880 999 965 1066 velut
978 1014 1020 1062 ex
1031 1003 1158 1075 perenni

176 1085 261 1146 toute
275 1083 358 1146 unde
372 1081 506 1157 hauriat,
527 1082 686 1150 Thraciam
700 1082 869 1150 sublmen
882 1098 965 1148 cese.
991 1083 1070 1149 llll-l.
1091 1085 1160 1150 reli·

176 1183 270 1244 quum
295 1166 442 1230 orationis
463 1166 637 1232 adhortatio
657 1166 723 1232 tuit.
753 1167 836 1242 „uon
859 1181 917 1245 ege
938 1165 1035 1232 hace“
1059 1167 1157 1246 lnquit

175 1249 321 1327 „incertis
336 1250 447 1314 iactata
457 1249 635 1316 rumoribus
649 1259 680 1314 et
693 1249 837 1330 cupidius
849 1251 975 1327 credim
1000 1249 1072 1329 quia
1085 1267 1157 1329 vera

175 1351 248 1398 esse
263 1335 304 1398 de
317 1334 440 1398 inimico
455 1334 583 1400 emmim
597 1337 754 1410 volebam,
775 1336 883 1398 adiero
904 1335 945 1397 ad
965 1351 1040 1412 vos,
1054 1343 1158 1412 patres

175 1419 357 1496 conscripti,
379 1420 436 1481 sed
451 1427 610 1500 comperta
621 1427 653 1482 et
665 1423 841 1497 οιιριιιιιι,
862 1418 944 1483 baud
958 1434 1051 1481 secus
1068 1436 1158 1498 quarn

174 1504 201 1564 si
224 1506 400 1580 speculator
425 1503 539 1568 missus
561 1504 690 1568 anobis
714 1503 854 1566 subiecta
879 1502 977 1567 oculs
996 1504 1157 1574 referrem

174 1602 276 1664 neque
295 1587 402 1650 relicto
422 1601 618 1665 regnantes,
639 1588 722 1665 quod
737 1589 871 1663 amplum
885 1595 915 1649 et
928 1587 1085 1664 egregium
1099 1604 1156 1649 vos

175 1669 305 1745 lecistis,
326 1685 410 1734 mare
430 1678 544 1734 tanturn
566 1669 771 1745 traiecissem,
792 1678 826 1734 ιιι
845 1687 925 1734 vana
945 1671 986 1732 ed
999 1687 1057 1734 vos
1073 1671 1156 1734 adte-

173 1755 271 1817 rendo
300 1754 393 1816 tidem
421 1755 603 1832 abnegarem
631 1753 719 1818 nrihtz
759 1754 921 1818 cernebam
950 1755 1157 1820 nobilissimas

169 1837 269 1900 Asiae
289 1845 320 1900 et
335 1838 481 1902 Graeciae
503 1839 639 1902 diritates
659 1837 690 1900 in
711 1839 778 1902 dies
793 1838 891 1916 magis
905 1839 1097 1902 detrudentes
1112 1836 1155 1900 iu-

174 1921 254 1983 dicia
268 1938 335 1995 sua,
351 1937 433 1997 mox,
448 1922 475 1984 si
492 1921 722 2000 permitteretur,
736 1939 776 1988 eo
791 1938 1002 2000 processuras,
1016 1922 1099 1986 uncte
1109 1938 1156 1986 re-

173 2013 294 2081 ceptum
316 2006 356 2068 ad
370 2007 588 2084 paenitendum
602 2023 665 2070 non
678 2005 841 2078 hebetante
863 2006 1026 2070 cernebam
1041 2005 1154 2068 Persen

173 2103 235 2152 non
257 2088 462 2154 continentem
482 2107 518 2154 se
532 2091 734 2158 Macedoniae
749 2107 862 2170 regno,
883 2093 943 2154 nlla
956 2090 1049 2156 arnris
1064 2106 1157 2154 occu-

173 2181 307 2250 pantem,
322 2175 391 2252 alla,
406 2192 487 2253 quae
501 2177 531 2238 vi
546 2175 647 2252 subtel
661 2193 725 2239 non
738 2184 879 2254 pessunt,
896 2176 1002 2239 lavore
1012 2193 1050 2240 ac
1061 2178 1155 2240 bene·
1197 2195 1200 2200 ·

174 2257 308 2320 volentia
322 2261 594 2338 complectentemr
614 2259 756 2324 videbam
768 2277 859 2338 quam
870 2260 969 2336 impar
979 2268 1155 2337 asselinus,

173 2355 242 2402 curn
253 2341 305 2404 ille
318 2343 406 2404 vebis
418 2344 530 2408 bellum
538 2351 671 2420 pararet,
686 2361 744 2406 vos
755 2346 784 2408 el
795 2360 936 2408 securam
946 2359 1056 2423 pacem
1066 2362 1155 2422 prae·

171 2426 310 2500 staretis,
332 2442 517 2503 quamquam
536 2426 611 2490 mihi
630 2426 755 2506 qudem
775 2444 837 2492 non
852 2444 962 2506 parare
976 2429 1034 2492 sed
1048 2445 1155 2506 gerere

171 2521 272 2583 paene
287 2507 401 2572 bellurn
421 2509 591 2574 videbatur.
623 2511 821 2588 Abrupolim,
842 2510 960 2578 sociam
975 2519 1066 2590 atque
1081 2513 1155 2576 anri·

171 2605 241 2652 cura
260 2599 412 2668 vestrum,
433 2608 530 2670 regno
549 2596 680 2671 expulit·
701 2597 894 2660 Αιιιιιιιιιιιι
909 2597 1061 2694 lllyrium,
1083 2598 1155 2674 qrrla

170 2669 287 2752 scripta¹
301 2676 341 2738 ab
355 2693 394 2739 eo
406 2679 558 2754 quaedam
569 2678 658 2741 vobis
671 2679 828 2757 comperit,
845 2682 964 2744 socium
977 2678 1049 2742 item
1062 2690 1154 2758 atque

171 2758 301 2822 amicum
316 2770 468 2838 vestrum,
490 2763 655 2826 interiecit:
676 2764 823 2826 Euersam
837 2770 868 2827 et
882 2764 1064 2826 Callicritum
1078 2765 1153 2826 The

171 2842 283 2918 banos,
305 2844 461 2922 principes
478 2845 623 2922 civitatis,
645 2849 718 2924 quia
731 2846 857 2910 liberius
872 2848 1023 2910 adversus
1038 2848 1152 2910 eumin

171 2926 303 2988 concilio
323 2928 511 2992 Boeotorum
532 2931 625 2993 locuti
645 2932 779 3007 lucrant,
801 2933 1021 3009 delaturosque
1041 2933 1153 2992 advos

170 3023 251 3084 quae
265 3020 427 3085 agerentur
440 3014 574 3090 professi
588 3021 682 3089 erant,
697 3015 850 3078 tollendos
862 3016 993 3079 curavita
1008 3016 1152 3078 auxilium

167 3091 325 3168 Byzantiis
350 3096 502 3158 adversus
528 3097 639 3161 ioedus
664 3097 744 3173 tulit,
767 3097 1152 3198 Dolopiaehellumintnlll,

167 3174 357 3237 Thessaliam
372 3185 403 3240 et
415 3179 560 3242 Doridem
575 3197 644 3243 oum
658 3181 797 3244 exercitu
808 3183 961 3259 pervasit,
979 3185 1033 3246 ut
1025 3200 1055 3245 m
1071 3184 1151 3244 bello

167 3258 311 3322 intestino
340 3262 501 3324 deterioris
528 3266 624 3340 partis
654 3265 767 3327 auxilio
794 3268 949 3330 meliorem
975 3265 1150 3342 obtigerat:

168 3341 306 3406 contudit
319 3351 351 3407 et
364 3344 485 3409 miscuit
500 3346 602 3410 omnia
615 3349 647 3410 in
661 3348 820 3412 Thessalia
832 3350 1078 3428 Perrhaebiaque
1092 3363 1149 3424 spe

167 3443 315 3491 novarum
340 3430 525 3508 tabularum,
554 3439 587 3494 ut
613 3449 705 3497 manu
733 3433 904 3496 debitorum
932 3433 1067 3496 obnoxia
1090 3429 1150 3493 sibi
