2574 3954
292 187 406 248 LIBER
418 188 521 248 XLIV.
545 190 628 250 CAP.
639 200 682 253 23.
695 201 738 254 24.
751 204 795 255 25·
819 201 854 266 [a.
868 201 899 252 G.
914 202 976 268 168]
1068 197 1129 260 231

147 346 291 415 venerat,
311 341 552 416 auctoribusque
565 342 685 404 Dinone
699 350 729 404 et
741 341 920 420 Polyarato,
942 346 1133 422 principibus

148 424 280 488 civitatis
296 425 372 498 eius,
388 423 569 485 adfirmabat
581 425 721 488 Rhodios
734 433 859 503 paratos
872 429 915 496 ad
922 428 1036 492 bellum
1050 446 1131 493 esse.

147 511 176 570 is
192 509 338 584 princeps
353 509 476 570 iunctae
490 524 560 570 curn
574 509 686 589 Illyriis
698 511 859 586 legationis
875 513 964 574 datus
979 523 1035 576 est.

228 593 336 653 XXIV.
356 593 475 654 Eodem
488 601 624 669 tempore
635 594 676 654 ad
684 594 842 656 Eumenen
855 604 886 658 et
895 595 936 657 ad
945 599 1132 663 Antiochum

147 678 322 740 communia
330 678 482 751 mandata,
497 693 576 753 quae
588 678 729 741 subicere
736 679 877 742 condicio
889 696 991 744 rerum
1002 691 1134 760 poterat.
1210 711 1214 718 ·

146 768 258 823 nmura
271 761 394 824 inimica
407 762 486 822 inter
505 779 541 823 se
562 777 634 824 esse
653 760 780 824 liberam
802 764 954 825 civitatem
974 775 1005 828 et
1018 783 1132 844 regern.

146 846 287 922 singulos
302 847 452 922 populum
472 847 642 908 Romanum
661 847 804 923 adgredi,
825 855 856 910 et
873 849 957 924 quod
977 850 1132 926 indignius

146 930 201 1005 sit,
226 945 334 1006 regum
358 930 475 991 viribus
505 946 596 1006 reges
627 947 817 1008 oppugnare.
861 933 963 994 Attalo
993 933 1133 997 adiutore

145 1020 266 1090 patrem
278 1030 368 1077 suum
383 1029 584 1089 oppressum,
607 1015 744 1077 Eumene
765 1016 928 1077 adiuvante
948 1024 979 1078 et
999 1020 1132 1093 quadam

145 1113 187 1159 ex
198 1105 286 1174 parte
301 1097 536 1175 etiamPhilippo
549 1107 635 1174 patre
642 1116 700 1160 suo
707 1100 892 1162 Antiochum
905 1109 1132 1178 oppugnatum

144 1183 179 1242 in
193 1198 229 1244 se
242 1197 325 1244 nunc
339 1187 368 1242 et
381 1181 539 1244 Eumenen
559 1189 590 1245 et
602 1183 729 1244 Prusian
750 1191 884 1245 armatos
903 1201 984 1246 esse.
1021 1187 1048 1246 si
1068 1186 1133 1247 Ma·

146 1265 297 1328 cedcniae
310 1283 439 1342 regnum
453 1268 607 1329 sublatum
621 1269 715 1342 toret,
735 1267 908 1343 proximam
928 1269 1035 1330 Asiam
1050 1285 1131 1344 esse,

145 1365 239 1425 quam
258 1349 320 1411 iam
341 1367 381 1412 ex
402 1357 489 1426 parte
504 1350 562 1412 sub
585 1352 689 1426 specie
717 1352 942 1412 liberandarum
967 1352 1131 1414 civitatium

145 1451 235 1496 suam
250 1435 386 1508 iecerint,
401 1435 514 1496 deinde
529 1433 659 1510 Syriam.
707 1436 767 1494 iam
786 1434 924 1497 Prusiam
937 1435 1065 1497 Eumeni
1075 1436 1131 1498 hc·

143 1533 222 1580 nore
238 1519 472 1596 praesentiam
486 1517 672 1579 Antiochum
691 1519 838 1580 victorem
853 1521 990 1594 praemio
1006 1520 1078 1582 belli
1092 1520 1132 1582 ab

143 1601 291 1682 Aegypto
307 1604 413 1664 arceri.
449 1603 528 1664 haec
549 1603 732 1679 cogitantem
752 1603 917 1679 providere
937 1601 1076 1677 iubebat,
1099 1611 1133 1668 ut

144 1687 259 1748 autad
279 1702 387 1763 pacem
413 1703 519 1748 secum
545 1687 717 1748 taciendam
742 1687 940 1764 compelleret
963 1688 1131 1764 Romanos,

144 1779 198 1833 aut
224 1778 462 1848 perseverantes
490 1771 521 1830 in
549 1771 630 1832 bello
660 1769 773 1833 iniusto
804 1787 981 1832 communes
1006 1773 1133 1834 duceret

146 1856 280 1916 omniurn
303 1869 411 1930 regum
434 1854 551 1917 hostes.
587 1855 627 1915 ad
655 1855 840 1917 Antiochum
855 1863 961 1930 aperta
988 1854 1132 1916 mandata

146 1946 241 2013 erant,
254 1940 294 2001 ad
303 1938 461 2000 Eumenen
472 1939 672 2016 perspeciem
685 1939 875 2014 captivorum
882 1937 1132 2002 redimendorum

144 2024 259 2085 missus
274 2025 393 2098 legatus
407 2029 487 2084 erat:
509 2039 617 2085 verum
638 2025 805 2085 occultiora
826 2023 978 2099 quaedam
999 2024 1128 2100 ageban-

146 2116 202 2182 tur,
219 2123 299 2183 quae
314 2107 345 2167 in
360 2108 536 2183 praesentia
550 2107 682 2168 invisum
696 2107 820 2182 quidem
834 2115 864 2168 et
877 2117 1056 2183 suspectum
1069 2108 1131 2168 Ro·

147 2193 244 2252 manis
264 2191 422 2252 Eumenen
443 2192 531 2252 falsis
547 2190 740 2266 gravioribus
766 2187 807 2227 **
828 2191 967 2265 proditor
990 2190 1071 2251 enim
1096 2206 1133 2252 ac

146 2287 245 2352 prope
265 2275 363 2336 hostis
384 2274 523 2348 habitus,
549 2275 621 2336 dum
641 2273 720 2334 inter
740 2291 775 2334 se
791 2275 852 2334 duo
867 2289 957 2349 reges
973 2279 1132 2350 captantes

146 2360 254 2421 frauda
266 2367 296 2420 et
310 2359 438 2420 avaritia
449 2366 575 2420 certant.
599 2357 702 2434 Cydas
714 2365 779 2421 erat
790 2355 953 2433 cretensis,
969 2373 1008 2418 ex
1019 2357 1131 2419 intimis

143 2443 299 2505 Eumenis.
328 2443 379 2504 hic
396 2442 534 2520 prius-ad
546 2441 754 2519 Amphipolim
768 2445 836 2503 cum
845 2441 984 2504 Chimaro
997 2442 1132 2518 quodam

144 2527 289 2605 populari
305 2544 361 2588 suo
378 2527 524 2587 militante
539 2527 622 2603 apud
636 2525 765 2600 Persea,
791 2526 862 2587 inde
882 2534 993 2603 postea
1013 2527 1053 2588 ad
1073 2527 1131 2586 De-

143 2612 323 2674 metriadem
348 2611 444 2683 semel
466 2625 535 2671 cum
555 2610 731 2671 Menecrate
753 2611 901 2687 quadarn,
927 2612 1036 2672 iterum
1062 2627 1131 2671 cum

144 2693 342 2770 Antimacho,
370 2692 464 2771 regiis
492 2695 639 2768 ducibus,
668 2694 726 2756 sub
755 2695 831 2770 ipsis
860 2694 1021 2756 moenibus
1045 2694 1130 2755 urbis

145 2781 317 2841 collocutus
332 2779 440 2840 luerat.
470 2778 649 2854 Hierophon
662 2794 794 2854 quoque,
812 2779 937 2854 quitum
948 2779 1063 2839 missus
1074 2784 1131 2852 est,

144 2865 267 2926 duabus
281 2862 321 2923 ad
332 2864 464 2924 eundem
471 2862 628 2924 Eumenen
642 2863 703 2924 iam
714 2869 784 2924 ante
795 2861 997 2938 legationibus
1009 2860 1131 2922 iunctus

145 2956 219 3009 erat.
244 2964 325 3024 quae
341 2945 498 3023 colloquia
513 2949 634 3010 occulta
645 2955 675 3009 et
685 2947 853 3023 legationes
865 2944 996 3006 infames
1008 2945 1131 3021 quidem

145 3039 240 3106 erant,
253 3033 309 3092 sed
321 3033 395 3108 quid
404 3038 504 3093 actum
512 3039 605 3105 esset,
618 3031 731 3107 quidve
742 3031 915 3105 interreges
924 3032 1130 3101 convenisset,

145 3115 351 3189 ignorabatur.
378 3131 430 3177 res
451 3122 552 3176 autern
566 3116 607 3175 ita
621 3131 693 3177 sese
706 3114 820 3176 habuit
862 3113 956 3175 XXV.
977 3113 1131 3175 Eumenes

145 3213 248 3275 neque
269 3199 344 3260 lavit
362 3199 510 3261 victoriae
522 3197 644 3274 Persei,
670 3215 771 3276 neque
790 3199 872 3260 bello
895 3213 965 3260 eum
985 3199 1132 3259 invadere

146 3283 247 3345 animo
264 3281 379 3358 habuit,
394 3299 456 3344 non
471 3289 533 3344 tam
549 3283 622 3360 quia
636 3291 781 3360 paternae
795 3281 873 3345 inter
887 3298 943 3344 ecs
957 3280 1132 3344 inimicitiae

146 3377 243 3444 crant,
259 3383 353 3444 quam
363 3366 588 3444 ipsorumcdiis
599 3368 678 3430 inter
689 3381 892 3430 seaccensae.
903 3382 966 3428 non
976 3379 1131 3439 carogum

146 3453 323 3528 aemulatio,
344 3460 379 3514 ut
393 3450 611 3528 aequo-annno
621 3451 736 3512 Persea
748 3458 847 3513 tantas
862 3449 959 3527 apisci
975 3464 1052 3526 opes
1066 3453 1132 3508 tan·
