2574 3954
211 189 273 257 172
379 192 593 254 amanam.
616 193 1020 270 asasonthamar]

210 355 240 408 et
255 348 352 425 quod,
379 347 476 408 sicubi
495 348 611 423 populo
631 346 770 408 Romano
786 346 846 404 sua
857 345 980 406 fortuna
993 343 1087 422 labet,
1113 348 1187 410 anti-

210 449 291 508 quos
315 433 434 492 animos
458 427 584 506 regibus
609 429 675 492 suis
696 427 836 490 videatur
855 443 953 504 posse
975 429 1088 488 lacere.
1115 431 1190 492 dum

209 517 345 591 integrae
358 519 495 588 resciat,
514 519 644 576 statuere
658 512 743 589 apud
755 512 888 574 animum
902 527 993 574 suum
1006 509 1121 574 Persea
1134 514 1186 574 de

207 599 297 672 berc,
320 605 420 661 udum
440 596 562 673 singula
583 595 782 658 concedendo
803 595 936 658 nudatus
957 595 996 655 ad
1016 603 1189 660 extremum

209 682 320 757 opibus
344 681 539 757 extorrisque
557 695 654 756 regno
677 679 917 741 Samothraciam
937 678 1067 741 aliamve
1093 697 1185 756 quam

207 767 337 826 insulam
351 772 457 841 petere
473 763 510 824 ab
525 763 681 838 Romanis,
696 763 748 824 ubi
763 761 900 839 privatus
915 768 1074 838 superstes
1089 773 1189 838 regno-

207 865 265 910 suo
279 849 311 908 in
326 855 503 925 contemptu
517 857 609 923 atque
624 848 729 922 inopia
744 852 956 920 consenescat,
977 846 1068 921 malit,
1084 854 1122 906 an
1137 863 1184 906 ar-

205 939 304 994 matus
319 932 433 994 vindex
448 933 588 993 fortunae
603 931 819 1006 dignitatisque
833 945 919 1004 suae,
934 935 987 990 aut
996 935 1030 990 ut
1039 931 1106 990 viro
1116 930 1185 991 lorti

206 1017 332 1091 dignum
347 1016 401 1089 sit,
424 1013 556 1092 patiatur
571 1015 788 1090 quodcumque
802 1029 894 1074 casus
909 1013 981 1074 belii
996 1013 1111 1087 tulerit,
1133 1021 1185 1075 aut

204 1099 304 1160 victor
323 1098 430 1160 liberet
450 1099 556 1158 orbem
575 1104 723 1158 terrarum
744 1097 783 1158 ab
804 1096 932 1173 imperio
952 1097 1102 1158 Romano.
1122 1114 1187 1160 non

205 1197 279 1244 esse
298 1181 507 1245 admirabilius
520 1182 678 1241 Romanos
694 1180 821 1242 Graecia
837 1181 907 1257 pelli
923 1196 1015 1256 quam
1030 1181 1181 1242 Hanniba·

204 1269 264 1326 lom
284 1264 370 1326 ltalia
391 1267 514 1340 pulsum
536 1281 618 1325 esse.
645 1280 747 1340 neque
767 1263 893 1326 hercule
905 1263 1021 1340 videre,
1044 1265 1182 1340 quicum

205 1350 307 1411 veniat
320 1347 419 1424 fratri,
440 1348 605 1410 adfectanti
626 1363 681 1424 per
701 1347 839 1409 iniuriam
853 1363 997 1422 regnum,
1020 1364 1140 1409 summa
1152 1349 1183 1408 ui

202 1432 363 1506 restitisse,
385 1429 565 1508 alienigenis
578 1431 659 1492 bene
673 1439 760 1506 pano
776 1447 814 1492 eo
829 1431 949 1492 cedere.
971 1439 1128 1506 postremo
1143 1433 1186 1493 ita

203 1517 284 1577 bello
299 1523 330 1576 et
344 1529 422 1590 pace
438 1516 551 1591 quaeri,
567 1522 602 1575 ut
614 1514 692 1575 inter
703 1530 810 1576 omnes
823 1515 986 1582 conveniat
997 1529 1054 1575 nec
1065 1515 1182 1592 turpius

205 1601 370 1674 quicquam
384 1613 456 1659 esse
472 1615 563 1674 quam
583 1597 650 1659 sine
664 1597 828 1659 certamine
843 1597 979 1659 cessisse
992 1613 1104 1675 ragno,
1126 1615 1186 1660 nec

129 1699 135 1712 ·
203 1680 393 1758 praeclarius
416 1681 581 1758 quicquam
602 1696 694 1758 quam
720 1697 777 1756 pro
803 1680 949 1757 dignitate
968 1698 1006 1743 ac
1025 1682 1183 1745 maiestate

204 1781 326 1827 omnem
341 1766 493 1828 fortunam
507 1769 669 1841 expertum
683 1780 764 1826 esse.

175 1861 177 1865 ·
288 1849 334 1909 Ll.
350 1849 460 1925 Pellae,
472 1849 502 1908 in
514 1855 618 1909 vetere
629 1847 935 1924 regiaMacedonum,
951 1848 1011 1909 hoc
1023 1849 1185 1910 consilium

204 1937 276 1990 erat.
299 1947 462 2008 „geramus
475 1937 571 2007 ergo“
585 1931 691 2007 inquit,
706 1931 785 2008 „diis
795 1931 875 1992 bene
887 1931 1070 2007 iuvantibus,
1087 1948 1183 2007 quan·
1283 1943 1284 1950 ³

204 2013 244 2072 do
265 2015 307 2074 itn
327 2015 463 2090 videtur,
483 2015 634 2086 bellum“;
657 2013 828 2092 litterisque
850 2013 931 2076 circa
946 2016 1121 2090 praefectos
1137 2017 1181 2076 di-

202 2093 307 2160 missis
320 2098 426 2159 Ciliom
436 2131 472 2143 -
480 2098 681 2160 Macedoniae
693 2099 842 2176 oppidum
853 2097 1063 2175 est—copias
1075 2115 1184 2160 omnes

202 2181 361 2244 contrahit
382 2181 452 2259 ipse
471 2189 592 2246 centum
611 2183 721 2244 hostiis
741 2181 894 2243 sacrificio
915 2183 1058 2258 regaliter
1070 2181 1182 2244 Miner·

201 2279 274 2339 vae,
299 2281 390 2341 quam
406 2273 520 2327 vocant
531 2265 730 2342 Alcidemon,
752 2267 833 2328 lacto
854 2282 924 2327 cum
944 2273 1183 2342 purpuratorum

202 2354 242 2408 et
254 2349 416 2410 satellitum
436 2366 529 2410 manu
548 2351 706 2424 proiectus
727 2349 832 2410 Citium
855 2356 910 2409 est.
939 2365 978 2410 eo
999 2350 1058 2410 iam
1074 2365 1182 2411 omnes

202 2429 404 2493 Macedonum
425 2439 684 2508 externarumque
706 2432 888 2495 auxiliorum
909 2441 1116 2494 convenerant
1130 2449 1181 2494 co·

201 2513 281 2588 piae.
294 2521 476 2576 castraante
487 2516 593 2576 urbem
605 2516 699 2591 ponit,
713 2515 1062 2593 omnesquearmatosin
1071 2533 1181 2592 eampo

202 2598 321 2672 struxit,
348 2614 468 2660 summa
492 2599 625 2660 omnium
652 2601 853 2676 quadraginta
877 2599 935 2660 tria
959 2601 1040 2660 milia
1065 2607 1182 2662 armata

201 2680 303 2756 luere,
329 2698 460 2757 quorum
484 2699 559 2760 pars
585 2684 680 2746 lemna
705 2683 830 2745 dimidia
854 2684 1048 2760 phalangitae
1078 2692 1179 2745 arante

200 2763 330 2840 Hippias
344 2767 522 2829 Beroeaeus
537 2775 687 2843 praeerat.
716 2769 835 2829 delecta
850 2767 962 2828 deinde
976 2774 1007 2828 et
1019 2767 1135 2827 viribus
1151 2775 1182 2828 el

200 2847 312 2910 robore
337 2851 445 2911 demtis
470 2865 510 2911 ex
536 2849 618 2911 omni
642 2858 844 2914 caetratorum
866 2866 992 2912 numero
1015 2852 1076 2911 duo
1098 2851 1182 2910 nlilia

200 2939 302 2992 erant:
331 2947 440 3008 agema
460 2933 539 2994 hanc
560 2935 621 3009 ipsi
641 2935 792 3010 legionem
807 2934 976 3004 vocabant3
1005 2933 1180 3010 praelectas
1285 2985 1286 2998 2

199 3012 333 3075 habebat
345 3015 534 3078 Leonnatum
550 3026 580 3077 et
593 3017 795 3093 Thrasippum
810 3018 986 3096 Eulyestas.
1009 3023 1180 3078 ceterorum

200 3101 412 3171 caetratorum,
428 3098 518 3160 trium
534 3102 628 3160 lerme
642 3100 756 3161 nlilium
770 3101 937 3174 hominum,
960 3102 1023 3163 dux
1038 3106 1103 3160 erat
1115 3103 1179 3162 An-

198 3177 324 3254 tiphilus
344 3180 531 3244 Edessaeus.
560 3184 700 3246 Paeones
727 3191 757 3244 et
777 3199 816 3244 ex
836 3184 968 3246 Parorea
989 3192 1019 3246 et
1038 3183 1177 3264 Parstry-

198 3260 301 3323 monia
319 3295 363 3310 -
383 3271 454 3327 sunt
478 3273 578 3328 autem
604 3283 641 3328 ea
665 3270 734 3328 loca
758 3268 896 3330 subiecta
918 3269 1066 3340 Thraciae
1085 3300 1129 3314 -
1147 3273 1179 3328 el

198 3346 359 3423 Agrianes,
375 3349 517 3410 admixtis
531 3353 622 3412 etiam
636 3351 804 3413 Thracibus
818 3349 937 3426 incolis,
959 3353 1049 3414 trium
1063 3351 1179 3412 milium

198 3430 293 3490 terme
308 3439 337 3494 et
352 3431 413 3508 ipsi
426 3434 627 3512 expleverunt
640 3452 806 3498 numerum.
828 3444 1000 3498 armaverat
1014 3442 1175 3500 contraxe-
1285 3487 1286 3494 ,
