2592 3964
194 251 215 314 8
357 250 473 312 LIBER
482 248 613 310 XXXIX.
637 247 720 308 CAP.
734 256 761 311 8.
773 256 800 311 9.
821 255 858 322 [a.
870 253 904 308 U.
917 269 940 307 o.
951 251 1018 322 566]

197 422 277 482 quae
303 401 399 480 primo
423 401 530 476 paucis
549 399 659 461 tradita
680 401 766 480 suut,
792 399 904 460 deinde
925 397 1042 475 vulgari
1064 407 1176 478 coepta

197 497 267 552 sunt
287 498 343 564 per
365 485 448 546 viros
463 482 678 559 mulieresque.
711 473 834 544 additae
849 483 1022 559 uoluptates
1036 485 1174 561 religioni

196 573 259 634 vini
273 571 303 632 et
316 567 490 645 epularum,
505 571 567 644 q'uo
583 566 715 645 plurium
728 565 823 627 animi
835 565 1027 629 illicerentur.
1048 584 1117 629 cum
1131 565 1175 628 vi·
1287 633 1288 648 .

197 673 268 718 num
283 655 401 715 animos
416 659 447 712 et
460 669 523 713 nox
538 653 569 713 et
581 651 666 712 mixti
677 650 795 711 leminis
806 658 917 724 inares,
933 650 1041 713 aetatis
1053 659 1177 713 tenerae
1287 649 1288 664 ¹

196 737 379 812 maioribus,
394 733 558 796 discrimen
574 745 663 796 omne
680 735 807 810 pudoris
822 735 1056 809 exstinxissent,
1072 742 1176 796 corru-

197 824 298 901 ptelae
322 821 453 899 primurn
473 820 571 881 omnis
594 819 716 895 generis
738 816 804 878 lieri
825 825 968 894 coeptae,
995 823 1063 879 cum
1085 813 1125 880 ad
1146 819 1178 880 id
1288 818 1289 894 l

198 907 331 985 quisque
351 921 413 982 quo
429 912 538 965 natura
558 902 709 978 pronioris
724 890 857 962 libidinis
872 909 957 962 esset
972 904 1107 978 paratam
1124 917 1178 964 vo·
1288 911 1289 962 t

198 993 344 1066 luptatem
363 988 498 1048 haberet.
532 1001 590 1047 nec
608 1002 703 1047 unum
722 999 820 1060 genus
842 1000 957 1058 noxae,
979 993 1086 1062 stupra
1107 1000 1179 1062 pro·

198 1076 317 1134 misena
330 1073 533 1147 ingenuorum
548 1070 788 1150 feminarumque
803 1077 898 1152 erant,
917 1069 972 1129 se'd
989 1070 1058 1130 lalsi
1073 1072 1178 1144 testes,

200 1158 277 1218 lalsa
301 1155 390 1230 signa
414 1159 657 1229 testamentaque·
678 1157 709 1214 et
727 1151 840 1214 indicia
864 1161 902 1213 ex
924 1153 1032 1214 eadem
1056 1153 1180 1215 ollicina

199 1241 338 1301 exibant=
360 1243 480 1300 venena
495 1237 629 1300 indidem
649 1235 873 1312 intestinaeque
887 1237 1016 1310 caedes,
1038 1238 1079 1298 ita
1093 1244 1126 1298 ut
1140 1251 1180 1296 ne

198 1340 331 1399 corpora
347 1321 472 1397 quidem
485 1321 635 1382 intentum
646 1321 686 1380 ad
699 1320 888 1394 sepulturam
899 1327 1064 1381 exstarent.
1085 1321 1179 1381 multa

199 1407 288 1482 dolo,
311 1405 458 1482 pleraque
480 1403 615 1481 pervim
634 1403 797 1464 audebant.
830 1404 992 1465 occulebat
1012 1403 1074 1464 vim
1095 1402 1179 1479 quot

198 1507 274 1567 prae
293 1488 458 1550 ululatibus
479 1497 759 1567 tympanorumque
773 1493 804 1548 et
823 1487 1033 1570 cymbalorum
1051 1488 1181 1563 strepitu

199 1577 281 1634 nulla
306 1588 369 1634 vox
395 1570 599 1646 quiritantium
623 1571 701 1632 inter
724 1575 832 1644 stupra
852 1578 882 1632 et
902 1571 1017 1632 caedes
1040 1570 1181 1632 exaudiri

223 1662 328 1719 oterat.

199 1673 219 1733 p
282 1735 333 1798 IX.
355 1735 452 1798 Huius
474 1736 543 1796 mali
564 1736 649 1797 labes
670 1745 710 1796 ex
723 1732 844 1796 Etruria
859 1731 985 1798 Romam
1001 1733 1093 1799 veluti
1108 1747 1181 1800 con-

200 1823 322 1900 tagione
333 1819 430 1882 morbi
442 1816 620 1897 penetravit.
643 1821 740 1896 primo
751 1817 836 1880 urbis
849 1821 1024 1896 magnitudo
1037 1821 1183 1898 capacior

199 1907 424 1984 patientiorque
439 1905 543 1966 talium
555 1906 702 1965 malorum
714 1913 751 1963 ea
764 1905 887 1964 celavit:
902 1905 1024 1966 tandem
1037 1904 1180 1967 indicium
1290 1941 1291 1952 ,

199 1991 259 2052 hoc
280 1990 411 2050 manime
431 1989 522 2050 modo
544 1988 584 2048 ad
599 1985 784 2050 Postumium
800 1989 958 2051 consulem
973 1990 1119 2064 pervenit.
1147 1987 1181 2047 P.

200 2073 361 2146 Aebutius,
377 2071 464 2133 cuius
482 2078 568 2146 pater
584 2071 706 2148 publico
721 2086 802 2146 equo
815 2071 971 2146 stipendia
985 2072 1107 2144 lecerat,
1124 2086 1181 2148 pu-

201 2158 291 2234 pillus
305 2156 445 2231 relictus,
467 2155 594 2216 mortuis
611 2154 722 2215 deinde
736 2152 887 2215 tutoribus
903 2155 960 2216 sub
975 2155 1069 2216 tutela
1082 2155 1180 2216 Duro-

200 2241 270 2302 niae
291 2240 396 2300 matn's
417 2248 447 2299 et
467 2239 564 2298 vitrici
578 2240 611 2298 T.
627 2237 802 2312 Sempronii
815 2237 908 2299 Rutili
929 2239 1057 2300 eductus
1073 2240 1181 2300 luerat.

200 2333 231 2384 et
245 2331 340 2384 mater
355 2323 459 2381 dedita
472 2321 538 2381 viro
555 2328 628 2394 crat,
644 2329 674 2382 ct
688 2321 822 2395 vitricus,
840 2321 913 2398 quia
924 2325 1048 2383 tutelam
1060 2323 1100 2383 ita
1111 2338 1181 2398 ges·
1291 2343 1292 2364 1

200 2405 298 2478 serat,
312 2411 346 2466 ut
359 2405 508 2465 rationem
521 2404 652 2463 reddere
666 2413 728 2464 non
745 2412 868 2479 posset,
889 2411 942 2465 aut
954 2404 1018 2466 tolli
1033 2405 1183 2481 pupilium

201 2490 254 2549 'aut
273 2489 441 2549 obnoxium
462 2485 521 2547 sibi
535 2487 658 2548 vinculo
673 2487 776 2562 aliquo
792 2488 857 2548 lieri
873 2489 1023 2564 cupiebat.
1057 2489 1107 2548 via
1120 2503 1184 2549 una
1291 2507 1292 2536 t

201 2571 394 2646 corruptelae
405 2566 610 2630 Bacchanalia
624 2576 719 2631 erant.
742 2580 838 2634 mater
853 2572 1115 2633 adolescentulum
1127 2583 1182 2647 ap·
1290 2617 1292 2652 Ξ

202 2657 310 2731 pellat=
333 2667 368 2716 se
384 2667 440 2730 pro
453 2665 546 2729 aegro
558 2667 596 2715 eo
609 2657 742 2729 vovisse,
757 2655 810 2716 ubi
823 2657 952 2730 primum
964 2655 1182 2729 convaluisset,
1290 2677 1291 2680 ¹

194 2736 331 2799 'Bacchis
343 2751 412 2798 eum
424 2754 458 2798 se
470 2737 669 2809 initiatorem,
685 2739 856 2800 damnatam
869 2740 932 2800 voti
943 2739 1033 2800 deum
1046 2739 1182 2814 benigni·

202 2829 263 2884 tate
283 2823 446 2883 exsolvere
466 2823 498 2883 id
519 2825 608 2883 velle.
636 2823 743 2884 decem
763 2823 880 2883 dierum
902 2823 1083 2885 castimonia
1102 2839 1184 2898 opus

201 2921 289 2966 esse=
312 2905 431 2969 decimo
447 2907 668 2982 diaconatum,
687 2905 799 2966 deinde
814 2923 890 2982 pure
905 2908 1018 2968 lautum
1033 2907 1064 2968 in
1080 2917 1185 2968 sacra-
1291 2933 1292 2942 ,

202 2989 279 3049 rium
303 2990 512 3051 deducturam.
542 2997 677 3052 scortum
697 2991 800 3051 nobile
822 2986 961 3052 libertina
981 2988 1108 3066 Hispala
1126 2981 1183 3050 re-

203 3074 305 3146 ccnia,
328 3089 390 3136 non
412 3075 505 3149 digne
526 3079 670 3149 quaestu,
694 3072 742 3134 cui
757 3072 898 3134 ancillula
913 3076 1072 3148 adsuerat,
1094 3071 1184 3135 etiam

204 3159 368 3231 postquam
393 3156 582 3218 manumissa
607 3163 684 3230 erat,
710 3156 818 3218 eodem
844 3170 879 3218 se
899 3171 1013 3234 genere
1034 3157 1182 3219 tuebatur.

146 3271 150 3274 ·
203 3239 274 3300 huic
296 3243 487 3302 consuetudo
510 3241 594 3302 iuxta
608 3241 790 3302 vicinitatem
808 3253 875 3301 cum
892 3243 1024 3303 Aebutio
1041 3241 1108 3314 luit,
1128 3237 1184 3297 mi-

204 3324 285 3383 nime
309 3320 515 3384 adolescentis
539 3325 583 3383 rei
606 3329 657 3384 ant
683 3325 781 3385 lamae
806 3320 970 3386 damnosa=
1003 3327 1081 3386 ultro
1104 3322 1185 3384 enim

205 3414 325 3470 amatus
340 3406 557 3484 appetitusque
573 3415 644 3483 erat,
660 3417 690 3470 et
704 3401 835 3483 maligne
850 3411 952 3470 omnia
965 3408 1185 3485 praebentibus

205 3493 272 3553 suis
288 3491 496 3553 meretriculae
511 3491 716 3554 munificentia
730 3493 945 3555 sustinebatur.
972 3492 1044 3569 quin
1060 3505 1097 3553 eo
1113 3501 1183 3569 pro·
