2592 3964
277 179 541 240 nraunxxxrx.
562 178 645 239 can.
659 187 703 240 m.
718 187 763 248 aa.
787 185 868 256 [uc.
882 187 944 259 roc]
1063 181 1106 254 to

118 332 204 392 xima
224 337 402 404 moverunt,
424 331 571 394 Romanis
586 336 617 393 et
630 347 706 392 suos
721 330 890 414 sepeliendi
906 339 937 393 ei
950 330 1051 410 spolia
1065 336 1107 396 le·

118 416 215 492 gandi
236 431 277 480 ex
297 414 437 480 hostibus
459 421 597 490 potestas
618 416 698 476 lacta
718 422 773 482 est.
810 431 927 492 paucos
947 421 1020 492 post
1040 417 1108 482 dies

117 499 238 562 maiore
260 506 368 560 coacto
390 498 526 568 exercitu
541 498 680 563 Celtiberi
701 499 741 563 ad
757 497 1106 576 calagurrimoppidum

117 585 200 644 ultro
218 583 441 644 lacessiverunt
455 579 573 659 proelio
587 583 753 647 Romanos.
782 582 858 648 nibil
872 582 1010 656 traditur,
1027 599 1107 660 quoq

119 681 355 729 causanunrero
368 672 458 726 aucto
470 665 652 728 infirmiores
664 681 719 732 eos
733 667 847 735 terail,
869 667 1005 742 superati
1017 682 1106 742 proc·
1176 669 1177 674 ’
1274 675 1275 678 ’

117 751 161 812 lio
184 757 272 814 sunt:
301 750 341 812 ad
362 749 525 812 duodecim
546 748 628 810 milia
648 749 804 816 bominum
826 765 933 822 caesa,
955 751 1023 828 plus
1044 752 1107 814 duo

118 841 227 910 capta,
249 839 282 894 et
302 833 412 898 castris
425 833 582 898 Romanas
604 831 727 909 potitus.
756 840 787 894 et
799 830 858 894 nisi
873 846 1039 898 successor
1052 836 1106 897 ad-

121 921 217 978 ventu
237 933 296 984 suo
312 914 497 983 inhibuisset
510 916 810 994 impetumvictoris,
831 914 951 984 subacti
966 915 1107 979 Celtiberi

117 1002 231 1062 forent.
267 1001 339 1067 novi
367 1009 528 1076 praetores
552 999 641 1064 ambo
668 1001 820 1068 exercitus
846 1000 876 1060 in
901 999 1028 1063 hiberna
1053 1002 1106 1064 do·

118 1084 283 1146 duxerunt

204 1166 295 1232 XXII.
317 1165 376 1228 Per
387 1181 443 1228 eos
455 1167 531 1242 dies,
548 1166 659 1244 quibus
670 1167 749 1234 baec
758 1182 798 1230 ex
809 1167 958 1244 Hispania
970 1168 1107 1234 tundata

117 1258 206 1325 sunt,
220 1250 283 1316 ludi
297 1249 398 1312 Taurii
411 1265 469 1324 per
481 1249 608 1314 biduum
622 1251 694 1316 iacti
707 1251 863 1327 religionis
878 1267 982 1317 oausa-
1010 1267 1105 1328 appa·

116 1343 204 1396 ratos
216 1332 328 1398 deinde
339 1334 429 1398 ludos
440 1333 481 1400 M.
489 1333 623 1410 Fulvius,
636 1351 715 1412 quos
727 1334 1001 1399 voveratAetolico
1014 1335 1106 1412 bello,

118 1419 201 1480 iecit.
233 1416 318 1481 multi
343 1416 476 1480 artifices
502 1432 542 1476 ex
565 1417 693 1482 Graecia
717 1425 866 1480 venerunt
889 1417 1017 1484 honoris
1038 1416 1105 1481 eius

117 1517 224 1564 causo.
253 1500 432 1568 athletarum
455 1515 579 1576 quoquc
590 1509 750 1566 *certamen
767 1508 831 1564 tum
844 1500 943 1576 primo
958 1500 1106 1570 Romanis

78 1601 79 1606 ¹
117 1584 385 1662 spectabuntur,
407 1592 437 1650 et
455 1584 577 1648 venatio
598 1585 668 1650 data
689 1586 814 1650 leonum
827 1592 858 1646 et
878 1583 1106 1660 pantherarum,

116 1678 149 1732 et
163 1684 263 1745 propo
276 1667 368 1730 huius
382 1665 480 1731 seculi
494 1668 585 1743 copia
599 1685 635 1730 ac
646 1667 793 1733 varietate
807 1667 958 1732 ludicrum
968 1667 1104 1731 celebra·

116 1762 183 1815 tum
194 1759 251 1824 est.
273 1752 467 1813 novemdiale
478 1751 590 1812 deinde
602 1767 724 1815 sacrum
735 1752 841 1824 tenuit,
854 1752 938 1827 quod
950 1750 980 1813 in
990 1749 1104 1816 Piceno

116 1851 175 1913 per
193 1835 324 1896 triduum
347 1835 501 1910 lapidibus
516 1837 651 1910 pluerat,
673 1837 825 1912 ignesque
840 1837 990 1896 caelestes
1005 1836 1104 1896 multi-

117 1921 228 1980 fariam
248 1919 305 1982 orti
326 1918 487 1981 adussisse
503 1918 705 1994 complurium
718 1920 779 1982 levi
794 1917 910 1984 adflatu
925 1917 1105 1984 vestimenta
1152 1916 1154 1920 '

118 2003 252 2064 ntaxime
274 2002 462 2065 dicebantur.
491 2001 594 2066 addita
608 2009 639 2064 et
652 2019 746 2064 unum
761 2003 841 2068 diem
857 2001 1041 2078 supplicatio
1058 2007 1105 2062 est

118 2103 159 2148 ex
181 2086 305 2148 decreto
326 2084 520 2164 pontificum,
543 2087 627 2161 quod
648 2087 735 2148 audis
758 2085 831 2162 Opis
852 2086 883 2149 in
899 2085 1047 2160 capitolio
1066 2086 1105 2144 de

119 2172 207 2232 caelo
228 2177 310 2232 tacta
330 2176 403 2230 erat.
435 2167 545 2230 hostiis
560 2167 727 2232 maioribus
742 2169 888 2234 consules
903 2173 1107 2244 procurarunt

118 2255 289 2330 urbemque
310 2255 524 2316 lustraverunt.
556 2251 613 2314 sub
635 2251 717 2318 idern
735 2259 857 2327 tempus
874 2257 909 2314 et
925 2265 965 2314 ex
980 2249 1105 2317 Umbria

118 2337 344 2402 nuntiatumest
354 2335 545 2400 semimarem
554 2333 716 2404 duodecim
727 2336 822 2397 lerme
833 2339 1047 2400 aouosnuturu
1059 2334 1104 2396 in·

119 2429 253 2486 ventum.
281 2421 313 2484 id
333 2420 506 2497 prodigium
526 2419 739 2482 abominantes
758 2418 857 2481 arceri
869 2417 1008 2486 Romano
1030 2433 1104 2494 agro

119 2505 287 2582 necarique
302 2519 393 2580 quam
408 2501 538 2580 primum
553 2502 719 2570 iusserant.

204 2588 322 2650 Eodem
342 2603 423 2648 anno
445 2586 522 2650 Galli
541 2585 732 2664 Transalpini
752 2585 938 2665 transgressi
958 2585 989 2650 iu
1004 2585 1104 2646 Vene-

120 2672 193 2737 tiam
205 2673 273 2734 sinc
284 2670 483 2748 populatione
494 2671 638 2735 autbello
650 2669 733 2736 haud
744 2671 853 2746 procui
864 2669 945 2744 inde,
959 2667 1011 2736 ubi
1023 2683 1105 2731 nunc

119 2757 264 2833 Aquileia
284 2761 346 2830 est,
366 2757 469 2817 locum
490 2754 607 2830 oppido
626 2753 790 2818 condendo
806 2759 963 2828 ceperunt.
996 2751 1104 2827 legatis

120 2839 267 2904 Romanis
282 2839 322 2900 de
337 2855 374 2900 ea
384 2853 419 2900 re
429 2845 514 2900 trans
526 2838 622 2916 Alpes
633 2837 739 2901 missis
748 2851 934 2914 responsum
944 2841 993 2896 est
1003 2849 1105 2910 neque

121 2924 279 3000 proiectos
301 2939 341 2984 ex
356 2922 537 2984 auctoritate
557 2921 656 2996 gentis
672 2937 737 2996 eos,
754 2936 813 2982 nec
826 2921 857 2980 in
869 2918 956 2984 ltalia
971 2916 1046 2995 quid
1061 2921 1104 2979 la·

122 3013 228 3070 carent
241 3021 312 3068 sese
326 3007 416 3068 scire.

182 3157 186 3164 ,
204 3091 238 3151 L.
254 3087 358 3166 Scipio
374 3091 467 3152 ludos
482 3106 520 3151 eo
535 3096 682 3164 tempore,
702 3103 783 3164 quos
797 3087 879 3152 bello
892 3087 1035 3150 Antiochi
1050 3104 1104 3148 vo·

121 3175 207 3236 visse
229 3189 300 3234 sese
321 3173 456 3250 dicebat,
477 3189 517 3234 ex
536 3173 648 3235 collata
666 3171 707 3234 ad
728 3171 760 3232 id
780 3170 911 3246 pecunia
926 3171 964 3232 ab
978 3171 1104 3246 regibus

122 3257 356 3333 civitatibusque
380 3273 437 3334 per
463 3257 529 3320 dies
551 3258 658 3317 decem
677 3253 758 3319 lecit.
790 3255 924 3330 legatum
944 3271 1013 3316 eum
1033 3259 1106 3328 post

121 3341 346 3405 damnationem
366 3348 397 3402 et
414 3342 497 3403 bona
516 3340 641 3404 vendita
659 3339 787 3404 missum
807 3336 838 3400 in
851 3339 959 3402 Asiam
980 3337 1019 3399 ad
1034 3336 1105 3396 diri·

121 3425 233 3488 ruenda
249 3425 326 3488 inter
332 3425 520 3487 Antiochum
537 3431 567 3487 et
579 3424 745 3486 Eumenem
759 3436 849 3497 reges
865 3420 1028 3484 certamina
1042 3419 1105 3479 Va-

347 3541 351 3546 .
861 3509 900 3565 Ἃ*
