2570 3952
302 205 419 266 LIBER
432 206 522 266 XLV.
545 207 628 268 CAP-
643 216 687 270 le.
700 216 745 270 44.
768 215 805 282 [a.
816 215 849 268 C.
863 216 923 284 rel]
1041 209 1103 274 2³97

127 372 190 416 non
204 354 299 434 illyrii
313 355 549 428 Macedonibus,
565 373 626 418 non
642 357 742 432 spolia
757 358 880 434 spoliis,
896 375 956 420 non
973 361 1104 435 pecunia

126 439 291 516 pecuniae,
317 455 379 500 non
405 439 487 500 dona
512 439 604 501 donis
629 442 801 516 comparari
822 449 972 518 poterant.
1000 443 1106 518 itaque

128 525 208 584 sicut
229 521 440 597 praefulgebat
459 522 530 584 huic
544 523 715 599 triumphus
731 540 857 598 recens,
879 525 920 586 ita
934 526 1104 601 apparebat

125 604 227 682 ipsum
237 620 294 681 per
305 620 340 666 se
352 605 538 668 intuentibus
549 621 745 682 nequaquam
756 623 828 668 esse
839 611 1103 671 contemnendum.

125 690 343 765 perdomuerat
358 688 446 750 'intra
467 705 584 764 paucas
611 691 678 755 dies
698 699 779 751 terra
798 691 936 766 marique
958 693 1101 763 ferocem,

125 773 203 834 locis
229 771 486 848 munimentisque
510 773 617 834 lretam
641 781 762 848 gentem
782 774 968 852 lllyriorum3
997 792 1102 852 regern

124 857 292 932 regiaeque
312 871 419 918 omnes
440 857 544 932 stirpis
567 864 699 932 ceperat.
729 858 879 920 transtulit
898 858 928 918 in
949 858 1104 935 triumpho

125 941 219 1000 multa
239 938 379 1002 militaria
398 939 487 1015 signa
506 939 670 1015 spoliaque
691 941 750 1002 alia
770 949 800 1003 et
821 942 1041 1017 supellectilem
1054 959 1102 1004 re-

125 1023 219 1097 giam,
245 1023 311 1084 auri
337 1024 440 1098 pondo
466 1024 570 1099 viginti
592 1032 623 1084 et
643 1029 777 1100 septem,
803 1025 920 1101 argenti
944 1027 1051 1088 decem
1073 1034 1104 1087 et

124 1121 235 1168 novem
254 1107 374 1181 pondo,
396 1106 553 1168 denarium
569 1108 676 1168 decem
690 1107 747 1169 tria
761 1109 858 1183 milia,
880 1115 911 1169 et
925 1117 1046 1171 centum
1058 1111 1102 1169 vi-

125 1189 198 1265 ginti
220 1191 303 1250 milia
322 1189 417 1264 Illyrii
438 1189 565 1265 argenti.
586 1200 657 1252 ante
673 1207 795 1252 currum
809 1193 891 1255 ducti
908 1193 1032 1253 Gentius
1047 1209 1103 1256 rex

125 1290 194 1334 cum
214 1273 345 1347 coniuge
366 1277 396 1334 et
415 1273 518 1334 liberis
538 1280 569 1337 et
584 1273 780 1336 Caravantius
795 1275 888 1336 irater
907 1275 988 1349 regis
1004 1283 1035 1335 et
1051 1277 1101 1336 ali·

126 1363 200 1432 quot
214 1354 333 1417 nobiles
353 1355 457 1431 Illyrii.
479 1356 519 1416 de
540 1357 656 1430 praeda
669 1356 813 1418 militibus
828 1360 858 1417 in
874 1357 1013 1432 singulos
1029 1373 1102 1433 qua-

125 1442 278 1514 dragenos
308 1439 419 1513 quinos
447 1438 606 1511 denarios,
635 1439 750 1515 duplex
779 1439 962 1513 centurioni,
992 1440 1104 1517 triplex

4 1569 5 1572 ,
125 1523 234 1600 equiti,
255 1520 349 1584 sociis
370 1521 502 1588 nominis
523 1523 620 1584 Latini
642 1531 789 1598 quantum
810 1524 944 1599 civibus,
966 1533 996 1588 et
1009 1526 1104 1587 sociis

4 1647 5 1650 ,
124 1604 284 1667 navalibus
310 1607 394 1668 dedit
418 1614 565 1682 quantum
585 1605 741 1668 militibus.
770 1607 878 1670 laetior
896 1608 979 1670 hune
1000 1611 1103 1670 trium-

126 1690 219 1766 phurn
240 1696 289 1751 est
308 1699 432 1752 secutus
447 1691 550 1764 miles,
571 1689 741 1766 multisque
758 1691 822 1752 dux
837 1693 905 1768 ipse
920 1693 1105 1753 carminibus

124 1773 306 1834 celebratus.
329 1774 501 1835 sestertium
516 1775 696 1834 ducentiens
712 1789 751 1834 ex
767 1790 804 1834 ea
817 1776 932 1851 praeda
947 1776 1104 1837 redactum

4 1921 6 1926 ,
125 1872 196 1916 esse
212 1864 318 1917 auctor
331 1865 379 1917 est
388 1858 507 1931 Antias,
522 1864 642 1933 praeter
654 1873 761 1918 aarum
773 1865 1003 1934 argentumque,
1020 1859 1105 1934 quod

4 1967 5 1974 ,
124 1940 155 2000 in
170 1940 319 1999 aerarium
334 1941 373 2002 sit
383 1942 492 2010 latum;
516 1941 600 2016 quod
612 1942 684 2015 quia
694 1941 778 2002 unde
788 1939 886 2018 redigi
897 1941 1030 2018 potuerit
1041 1959 1104 2004 non

4 2031 5 2034 ’
125 2023 303 2098 apparebat,
318 2030 473 2084 auctorem
489 2040 544 2100 pro
559 2039 593 2083 re
610 2026 710 2098 posui.
733 2040 788 2085 rex
804 2025 929 2086 Gentius
945 2041 1014 2086 curn
1029 2025 1103 2087 libe·

5 2145 6 2164 2
123 2108 167 2165 ris
181 2112 211 2166 et
226 2106 356 2180 coniuge
371 2114 400 2166 et
414 2109 505 2168 tratre
517 2106 687 2183 Spoletium
696 2108 727 2166 in
740 2108 911 2169 custodiam
925 2123 965 2168 ex
979 2116 1104 2170 senatus

5 2201 6 2204 ’
127 2189 267 2250 consulto
290 2190 416 2264 ductus,
434 2191 527 2251 ceteri
548 2190 662 2265 captivi
675 2193 793 2252 Romae
813 2191 843 2250 in
861 2206 1016 2251 carcerem
1031 2209 1103 2253 con·

124 2273 211 2343 iecti;
232 2272 508 2349 recusantibusque
529 2273 700 2334 custodiam
716 2273 884 2348 Spoletinis
904 2274 1042 2348 Iguvium
1056 2290 1104 2335 re·

124 2373 180 2432 ges
195 2354 334 2418 traducti.
353 2358 504 2432 reliquum
519 2372 558 2418 ex
573 2357 694 2434 Illyrico
712 2357 846 2432 praedae
861 2356 985 2418 ducenti
999 2357 1105 2432 viginti

126 2441 217 2500 lembi
243 2448 341 2501 erant:
377 2440 416 2500 de
438 2439 546 2502 Gentio
568 2456 641 2515 rege
662 2448 771 2517 captos
793 2457 849 2501 eos
870 2441 1052 2519 Corcyraeis
1075 2451 1105 2503 ct

123 2523 369 2599 Apolloniatibus
384 2531 415 2584 et
424 2523 644 2600 Dyrrhachinis
657 2525 690 2598 Q.
704 2524 829 2586 Cassius
842 2540 882 2586 ex
893 2533 1020 2588 senatus
1033 2541 1104 2586 con-

5 2639 6 2644 *
125 2607 205 2667 sulto
220 2608 332 2669 tribuit.

5 2687 6 2694 ’
208 2689 312 2748 XLIV.
335 2691 484 2751 Consules
505 2706 542 2750 eo
564 2706 645 2751 anno
667 2707 740 2766 agro
762 2699 877 2752 tantum
891 2693 1035 2766 Ligurum
1050 2707 1106 2766 po-

126 2773 239 2847 pulato,
256 2787 325 2832 eum
338 2773 445 2834 hostes
460 2772 614 2834 exercitus
629 2790 797 2850 numquam
812 2773 1001 2847 eduxissent,
1022 2776 1106 2833 nulla

125 2872 159 2915 re
174 2856 363 2917 memorabili
378 2863 465 2930 gesta
478 2858 607 2923 Romam
623 2858 663 2918 ad
676 2857 872 2933 magistratus
889 2857 1106 2930 subrogandos

124 2939 296 3012 redierunt,
322 2947 352 3000 et
377 2939 475 3014 primo
497 2939 639 3000 comitiali
666 2941 716 3002 die
736 2942 880 3001 consules
904 2946 1046 3003 crearunt
1064 2939 1105 3000 M.
1141 3009 1146 3020 ¹

5 3055 7 3084 r
126 3021 284 3084 claudium
298 3019 476 3084 Marcellum
496 3023 527 3084 C.
545 3021 715 3099 Sulpicium
731 3025 864 3098 Gallum,
885 3024 997 3084 deinde
1018 3039 1106 3099 prae·

125 3114 209 3166 tores
231 3113 356 3180 postero
373 3105 423 3169 die
438 3109 471 3167 L.
486 3108 594 3168 Iulium
612 3109 641 3168 t.
657 3109 844 3184 Appuleium
858 3107 1053 3169 Saturninum
1067 3109 1106 3166 Α.

5 3233 7 3264 ,
125 3187 274 3248 Licinium
289 3187 420 3249 Nervam
439 3190 472 3250 P.
487 3189 631 3252 Rutilium
648 3191 772 3254 Calvum
786 3191 819 3252 P.
834 3190 1027 3268 Quinctilium
1044 3189 1106 3248 Vai-

6 3291 7 3314 2
126 3287 194 3332 rum
214 3271 255 3331 Μ.
270 3271 439 3332 Fonteium.
461 3274 509 3334 his
524 3275 717 3348 praetoribus
740 3277 819 3335 duae
832 3274 969 3336 urbanae
984 3272 1107 3349 provin-

128 3355 194 3415 ciae
209 3362 279 3414 sunt
294 3354 444 3430 decretae,
460 3357 541 3416 duae
553 3357 730 3434 Hispaniae,
747 3358 850 3418 Sicilia
864 3374 900 3418 ac
914 3355 1064 3418 Sardinia.

213 3437 427 3500 Intercalatum
449 3455 487 3500 eo
503 3456 600 3501 anno=
629 3441 775 3517 postridie
788 3439 966 3500 Terminalia
979 3437 1108 3497 interca·
