2598 3956
194 201 257 266 144
354 201 568 263 LlBliRllLll.
590 200 673 261 cal.
689 205 732 262 rt.
745 206 787 262 18.
811 206 848 274 [ι.
861 204 932 257 ua.
945 205 1008 270 oso]

191 353 330 430 trahique
342 353 442 428 magis
460 367 551 428 quam
565 351 657 411 vellet
671 351 701 410 in
716 365 847 412 arcanos
863 360 1022 411 sermones
1038 356 1086 412 est
1100 366 1170 413 coe-

190 446 272 516 ptus.
297 435 459 512 promissis
482 435 562 496 enim
582 433 757 510 ingentibus
777 432 923 510 praemiis
946 439 1051 510 petere
1066 434 1173 496 institit

94 524 97 530 '
191 523 229 582 ab
250 537 287 583 eo
308 535 381 595 rex,
404 517 549 596 quoniam
569 518 664 580 duces
680 531 788 579 omnes
803 517 958 594 legatique
971 518 1101 579 Romani
1115 516 1171 579 ho-

191 606 282 682 spitio
298 603 364 665 eius
379 604 422 664 uti
437 604 638 678 adsuessent,
662 601 774 677 quibus
789 616 896 662 eorum
910 601 979 677 ipse
993 600 1173 678 scripsisset

192 696 225 750 ut
238 703 389 750 vencnum
411 687 546 748 dandum
560 694 690 747 curaret.
719 686 807 748 cuius
821 686 902 748 scire
916 701 952 746 se
967 685 1171 760 comparatio·
1289 727 1291 742 .

192 789 260 833 nem
281 772 443 848 plurimum
464 769 650 832 difficultatis
671 777 701 830 ct
722 769 850 847 periculi
870 768 1001 831 haberes
1031 769 1171 844 pluribus

192 854 327 918 consciis
341 855 522 930 comparari,
544 860 657 916 eventu
670 861 831 930 praeterea
844 853 961 915 incerto
977 867 1058 928 esse,
1073 862 1107 916 ut
1120 859 1174 914 aut

191 941 267 1001 satis
282 938 422 1000 eiiicacia
436 938 555 999 adrem
571 938 778 1014 peragendam
791 945 842 998 aut
856 944 920 998 tuta
933 937 974 997 ad
993 952 1057 996 rem
1071 938 1171 998 celen-

192 1027 262 1084 dam
284 1023 402 1084 dentur.
429 1036 464 1082 se
487 1023 628 1082 datumnr
650 1021 734 1098 quod
756 1035 812 1081 nec
833 1019 864 1080 in
878 1020 981 1082 dando
997 1036 1055 1081 nec
1069 1022 1174 1083 datum

191 1109 253 1168 ullo
275 1107 363 1182 signa
386 1100 534 1181 deprendi
554 1115 672 1181 posset.
699 1103 857 1167 Rammius
873 1106 997 1180 veritus,
1019 1120 1059 1164 ne
1077 1103 1105 1165 si
1119 1103 1172 1166 ab·

191 1191 318 1264 nuisset,
334 1188 450 1270 primas
462 1189 530 1268 ipse
540 1189 652 1250 ueneni
663 1187 904 1265 experimentum
916 1195 1008 1263 esset
1024 1188 1172 1250 iacturum

192 1274 345 1351 pollicitus
361 1273 574 1349 prenarratur.
596 1288 654 1334 nee
668 1272 865 1334 Brundisium
880 1281 950 1334 ante
963 1272 1065 1333 redire
1080 1287 1173 1350 quam

192 1363 343 1419 convento
359 1357 390 1418 C.
406 1358 531 1418 Valerio
546 1358 662 1434 legato
687 1354 740 1434 qai
754 1356 837 1418 cirea
852 1356 1025 1419 Chalcidem
1040 1371 1112 1419 esse
1127 1355 1173 1416 di·

192 1443 325 1514 cebatur,
344 1442 447 1503 voluit.
470 1441 511 1502 ad
526 1456 596 1502 eum
612 1440 741 1518 primum
752 1440 866 1502 indicio
878 1441 988 1515 delato,
1004 1438 1093 1502 iussu
1104 1438 1172 1502 eius

190 1525 319 1586 Romam
339 1525 430 1586 simul
454 1525 546 1586 venit.
581 1525 772 1586 introductus
793 1526 823 1584 in
848 1526 977 1599 curiam,
1005 1539 1084 1600 quae
1106 1533 1173 1587 acta

191 1615 292 1681 erant,
316 1609 468 1684 exposuit.

275 1691 383 1752 XVlll.
398 1692 481 1753 llaec
497 1693 536 1754 ad
551 1707 589 1752 ea
605 1707 686 1768 quae
701 1693 740 1752 ab
755 1693 891 1754 Eumene
907 1693 1008 1755 delata
1022 1702 1110 1755 erant
1122 1708 1172 1754 ac·

192 1791 326 1850 cessere,
343 1793 404 1852 quo
420 1777 566 1838 maturius
581 1775 681 1838 hostis
696 1775 828 1838 Perseus
843 1777 1038 1854 iudicaretur,
1057 1777 1172 1855 quippe

171 1865 173 1869 ’
193 1876 281 1937 quern
298 1875 359 1921 non
373 1861 591 1922 iustum'modo
605 1875 756 1936 apparare
768 1861 880 1922 bellam
891 1863 976 1938 regio
988 1861 1099 1936 animo,
1114 1859 1172 1922 scd

193 1960 247 2023 per
269 1945 370 2005 omnia
390 1943 582 2006 clandestina
601 1946 738 2020 grassari
758 1945 878 2006 seelera
893 1943 1120 2008 latrociniorum
1134 1959 1172 2005 ac

193 2025 410 2090 veneficiorum
426 2028 600 2090 cernebant.
621 2027 693 2088 belli
705 2027 924 2091 administratio
936 2029 1086 2094 adnovos
1098 2043 1171 2090 con-

192 2113 275 2173 sules
290 2111 403 2174 reiecta
418 2119 480 2173 est:
502 2111 533 2172 in
547 2114 723 2189 praesentia
738 2121 837 2175 tannen
853 2113 906 2176 Cn.
923 2113 1069 2176 Sicinium
1084 2130 1171 2190 prae·

192 2203 302 2272 torem,
332 2197 419 2258 cuius
440 2197 519 2258 inter
540 2198 624 2258 cives
646 2205 676 2258 et
701 2199 881 2274 peregrinos
902 2197 1070 2260 iurisdictio
1097 2204 1171 2272 erat,

192 2280 328 2341 seribere
342 2279 452 2342 milites
467 2280 590 2356 placuit,
606 2280 658 2356 qui
672 2281 870 2346 Brundisium
884 2283 967 2344 ducti
981 2281 1080 2360 primo
1096 2297 1171 2357 quo-

192 2377 252 2439 que
266 2371 405 2440 tempore
419 2364 615 2440 Apolloniam
630 2365 661 2424 in
675 2365 800 2442 Epirum
812 2366 1013 2428 traicerentur
1023 2367 1063 2428 ad
1078 2382 1171 2427 occu·
1288 2411 1289 2416 η

190 2447 309 2522 pandas
324 2447 490 2508 maritimas
503 2447 607 2521 urbes,
622 2448 674 2509 ubi
690 2451 808 2524 consul,
832 2451 880 2512 cui
896 2449 1055 2527 provincia
1068 2449 1170 2511 Maee-

190 2529 283 2590 donia
302 2530 494 2605 obvenisset,
518 2533 649 2592 classem
670 2534 828 2609 appellere
848 2541 913 2597 tuto
935 2541 966 2597 et
985 2534 1092 2610 copias
1115 2549 1172 2610 per

190 2613 383 2676 commodum
398 2629 556 2691 exponere
571 2623 687 2693 posset.
707 2617 861 2680 Eumenes
876 2617 1063 2696 aliquamdiu
1077 2619 1170 2695 negi-

190 2713 247 2757 nae
258 2693 400 2760 retentis
416 2698 591 2778 periculosa
606 2708 635 2762 et
649 2701 765 2763 dililoili
776 2703 943 2779 curatione,
959 2702 1171 2779 cumprimum

190 2788 252 2844 tuto
268 2782 374 2859 potuit,
390 2785 547 2860 proiectus
557 2785 746 2862 Pergamum,
760 2793 882 2864 praeter
892 2787 1054 2864 pristinum
1066 2787 1171 2848 odium

188 2866 303 2927 recenti
317 2867 408 2929 etiam
422 2869 540 2931 scelere
553 2869 658 2932 Persei
673 2871 848 2934 stimulante
861 2887 981 2933 summa
994 2870 1024 2932 vi
1040 2869 1170 2948 parabat
1287 2917 1288 2940 t

187 2949 308 3010 bellum.
331 2950 421 3028 legati
441 2967 480 3015 ec
494 2953 533 3014 ab
547 2954 645 3016 Rome
658 2956 862 3032 gratulantes,
886 2956 972 3032 quod
985 2971 1004 3017 e
1017 2961 1101 3017 tanto
1117 2970 1169 3031 pe·
1287 3029 1288 3032 Ἴ

187 3033 282 3094 riculo
297 3036 458 3112 evasisset,
473 3045 631 3100 venerant.

271 3117 344 3178 Cam
364 3117 598 3183 Macedonicum
617 3123 730 3183 ballum
750 3122 780 3184 in
801 3138 915 3185 annum
936 3124 1061 3188 dilatum
1076 3128 1169 3197 esset,

189 3201 298 3263 ceteris
318 3204 511 3278 praetoribus
526 3205 586 3265 iam
607 3207 638 3266 in
653 3206 829 3284 provincias
845 3207 993 3284 proiectis
1006 3205 1047 3270 Μ.
1064 3205 1170 3268 lunius

188 3291 217 3345 et
228 3283 282 3362 Sp.
293 3285 463 3363 Lueretius,
478 3288 589 3365 quibus
600 3287 768 3366 llispaniac
780 3292 958 3367 provinciae
969 3293 1168 3364 obvenerant,
1286 3287 1287 3322 l

188 3369 348 3447 fatigantes
362 3387 458 3449 saepe
472 3373 552 3434 idem
567 3373 701 3450 petendo
716 3382 870 3453 senatum,
891 3375 1015 3438 tendent
1029 3374 1170 3452 pervice-

188 3463 264 3526 runt,
280 3463 314 3517 ut
329 3458 573 3533 supplementum
587 3457 645 3520 sibi
657 3459 697 3520 ad
709 3460 874 3522 exereitum
886 3460 1011 3523 daretur
1020 3457 1170 3521 triamilia
