2598 3956
211 229 328 292 LIBER
338 228 412 290 XLI.
435 228 517 290 ΟΑΡν
530 238 574 290 20.
585 239 629 292 21.
650 236 687 304 [s.
699 235 733 290 U.
747 253 771 290 c.
783 239 844 296 578.
860 255 884 292 a.
896 239 928 293 C.
939 241 1000 308 174]
1039 233 1099 298 121

118 385 177 456 nis,
193 397 285 442 unum
300 378 330 440 in
346 380 434 442 terris
449 378 622 442 inchoatum
635 397 692 457 pro
703 381 911 458 magnitudine
924 384 982 458 dei,
999 394 1102 463 potest

120 467 313 529 testisesse=
347 464 405 524 sed
425 471 456 526 ct
474 464 570 525 Delon
592 465 654 525 aris
674 464 846 542 insignibus
872 475 1101 546 statuarumque

118 551 209 627 copia
229 549 405 623 exornavit,
426 554 457 608 et
475 547 665 608 Antiocheae
685 549 767 611 Iovis
784 549 943 628 Capitolini
963 554 1101 629 magnili-

119 651 188 696 cum
209 633 369 708 templum,
391 647 453 693 nou
468 633 643 708 laqueatum
665 649 739 694 auro
756 641 885 710 tautum,
908 635 966 696 sed
979 639 1102 712 parieli-

119 721 178 781 bus
192 717 264 779 totis
279 715 390 776 lamina
403 714 583 792 inauratum,
599 723 630 777 ct
643 716 702 778 alia
712 719 807 778 multa
821 719 852 779 in
864 719 930 780 aliis
945 720 1022 782 locis
1034 723 1102 797 pol·

119 802 229 877 licitus,
245 800 316 878 quia
328 799 478 876 perbreve
492 805 613 876 tempus
627 801 713 876 regni
730 799 795 862 eius
811 803 874 878 luit,
890 819 950 864 uon
964 805 1103 879 pertenit.

119 885 366 964 spectaculorum
381 898 505 960 quoque
520 882 620 945 omnis
635 883 757 960 generis
772 887 998 962 magnificentia
1009 904 1101 963 supe·
1177 881 1179 886 ⁴
1294 873 1296 878 ’

118 973 217 1033 riores
231 983 321 1044 reges
336 967 422 1039 vicit;
442 967 632 1044 reliquorum
647 970 695 1029 sui
709 970 804 1030 moris
819 978 850 1032 et
864 972 955 1047 copia
970 971 1101 1032 Graeco·

118 1072 185 1117 rum
201 1053 363 1114 artificum:
385 1051 586 1128 gladiatorum
606 1068 718 1114 munus
732 1053 889 1114 Romanae
904 1056 1101 1116 consuetudi·
1119 1081 1125 1095 ,

118 1141 166 1202 nis
187 1137 285 1215 primo
306 1135 424 1196 maiore
445 1151 515 1196 curn
528 1141 645 1198 tcrrore
666 1135 837 1214 hominum,
859 1139 1048 1201 insuetorum
1062 1139 1103 1200 ad

118 1224 179 1286 tale
199 1221 423 1298 spectaculum,
445 1235 537 1294 quarn
557 1222 714 1297 voluptate
728 1220 828 1292 dedit3
850 1223 962 1283 deinde
976 1223 1102 1299 saepius

119 1307 237 1380 dando,
260 1311 290 1367 et
309 1305 402 1366 modo
422 1303 600 1364 vulneribus
622 1311 728 1380 tenua,
749 1306 842 1367 modo
868 1307 935 1367 sinc
954 1304 1103 1368 missione

121 1392 219 1466 elium,
238 1396 268 1450 et
283 1388 429 1449 familiare
443 1386 541 1448 oculis
556 1383 737 1463 gratumque
752 1388 784 1448 id
799 1390 1008 1466 spectaculum
1023 1389 1103 1464 lecit,

119 1484 149 1538 et
163 1489 316 1536 armorum
337 1471 471 1533 studium
492 1471 649 1548 plerisque
664 1471 807 1533 iuvenum
822 1473 970 1536 accendit.
999 1473 1102 1549 itaque

120 1559 172 1636 qui
187 1558 285 1641 primo
300 1555 339 1616 ab
351 1557 449 1618 Roma
463 1554 582 1632 magnis
597 1555 703 1632 pretiis
718 1563 844 1633 paratos
857 1557 1044 1633 gladiatores
1055 1573 1100 1616 ar-

119 1658 244 1704 cessere
258 1641 366 1702 solitus
381 1648 454 1716 erat,
468 1639 528 1700 iarn
543 1657 601 1702 suo

3 1865 5 1884 ζ
119 1809 172 1890 pio
193 1810 271 1870 inter
289 1809 478 1886 peregrinos.
510 1808 588 1868 XXI.
615 1807 656 1868 Μ.
677 1807 770 1869 Atilio
791 1807 924 1884 praetori
944 1807 1104 1884 provincia

121 1893 263 1958 Sardinia
277 1894 459 1955 obvenerat:
483 1893 540 1954 sed
554 1907 623 1953 cum
638 1890 758 1967 legione
774 1907 863 1965 nova,
883 1907 975 1967 quam
991 1907 1103 1952 consu·

119 1981 166 2042 les
178 1978 435 2055 conscripserant,
445 1975 581 2054 quinque
588 1977 710 2037 milibus
721 1977 855 2052 peditum
866 1974 1009 2036 trecentis
1017 1973 1104 2050 equi·

119 2065 216 2136 tibuS,
232 2063 263 2122 in
278 2060 433 2123 Corsicam
453 2061 558 2123 iussus
573 2067 621 2120 est
635 2061 775 2121 transire.
807 2058 920 2140 dumis
935 2059 977 2119 ibi
991 2058 1104 2120 bellum

119 2153 248 2223 gereret,
262 2145 402 2208 Cornelio
418 2151 613 2221 prorogatum
629 2144 799 2219 imperium,
814 2143 857 2204 uti
872 2141 1023 2204 obtineret
1033 2141 1103 2202 Sar-

121 2229 243 2292 diniam.
272 2231 324 2292 cn.
340 2228 470 2290 Servilio
486 2227 631 2303 caepioni
646 2226 676 2288 iu
690 2224 869 2300 Hispaniam
884 2224 1059 2286 ulteriorem
1074 2227 1105 2284 et

4 2367 6 2376 ,
120 2314 153 2375 Ρ.
167 2315 258 2377 Furio
272 2313 359 2375 Philo
381 2312 411 2374 iu
434 2312 604 2374 citeriorem
624 2310 683 2372 tria
702 2309 785 2388 milia
799 2308 936 2385 pediturn
949 2309 1103 2368 Romano·

120 2415 203 2474 rum,
225 2397 344 2475 equites
360 2403 480 2458 centum
496 2394 731 2474 quinquaginta,
753 2400 783 2454 et
804 2393 923 2454 socium
936 2391 1034 2452 Latini
1049 2408 1103 2452 no·

121 2481 210 2544 minis
232 2483 367 2559 quinque
382 2483 463 2542 milia
479 2481 629 2557 peditum,
654 2478 780 2539 trecenti
795 2478 931 2552 equites:
954 2474 1058 2536 Sicilia
1071 2475 1105 2534 L.
1211 2535 1212 2540 ,

121 2567 248 2629 Claudio
264 2567 331 2628 siue
346 2567 561 2642 supplemento
577 2564 708 2624 decreta.
742 2562 821 2622 duas
836 2567 996 2637 praeterea
1010 2560 1105 2635 legio·

121 2667 178 2712 nes
190 2651 348 2713 *consules
369 2649 505 2710 scribere
530 2647 608 2710 iussi
628 2662 699 2708 curn
718 2646 799 2708 iusto
819 2659 947 2705 numero
970 2644 1106 2719 peditum

121 2734 333 2811 equitumque,
356 2741 386 2796 et
404 2734 511 2794 decem
531 2730 613 2793 milia
632 2731 770 2806 peditum
790 2727 1055 2804 sociis-imperare
1076 2732 1106 2786 et

117 2825 289 2881 sexcentos
305 2819 435 2894 equites.
468 2817 596 2877 dilectus
612 2812 792 2876 consulibus
809 2827 847 2874 eo
862 2811 1016 2872 difficilior
1031 2816 1105 2883 erat,

123 2904 208 2979 quod
222 2899 408 2979 pestilentia,
425 2916 504 2978 quae
519 2899 621 2976 priore
636 2913 717 2960 anno
732 2897 762 2957 in
776 2897 875 2959 boves
888 2896 1052 2972 ingruerat,
1067 2908 1106 2954 eo

121 2993 255 3048 verterat
268 2987 299 3047 in
313 2985 469 3047 hominurn
484 2984 621 3046 morbos.
650 2981 702 3060 qui
717 2979 902 3054 inciderant,
917 2979 1002 3040 haud
1017 2978 1107 3039 tacite

98 3131 103 3138 ,
123 3068 285 3146 septimum
299 3069 379 3130 diem
395 3069 598 3144 superabam
615 3065 667 3142 qui
682 3071 913 3141 superaverant,
926 3063 1106 3146 longinquo,

123 3154 254 3214 maxime
266 3161 441 3230 quartanae,
457 3150 689 3229 implicabantur
698 3150 817 3212 morbo.
835 3147 961 3212 servitia
972 3147 1106 3208 maxime

123 3236 344 3300 moriebantun
367 3252 473 3298 eorum
488 3243 607 3312 strages
620 3251 675 3312 per
687 3250 793 3296 omnes
804 3234 871 3296 vias
883 3232 1107 3307 insepultorum

123 3328 197 3382 erat.
225 3337 265 3382 ne
283 3322 450 3382 liberorum
469 3321 593 3397 quidem
609 3318 765 3381 funeribus
780 3318 909 3378 Libitina
923 3311 1106 3377 sufficiebat.

125 3406 277 3467 cadavera
290 3405 401 3466 intacto
412 3420 430 3464 a
441 3402 567 3464 canibus
581 3419 617 3464 ac
628 3403 797 3465 vulturibus
809 3402 895 3463 tabes
907 3395 1106 3462 absumebat;

123 3488 264 3566 satisque
277 3488 438 3550 constabat
451 3503 509 3548 nec
523 3489 574 3549 illo
589 3503 646 3548 nec
664 3486 765 3564 priore
777 3501 856 3546 auno
868 3485 898 3544 in
911 3486 994 3543 tanta
1006 3485 1108 3552 strage
