2598 3956
313 207 428 270 LIBER
441 209 501 268 XL.
525 209 608 270 CAP.
623 221 667 272 51.
682 220 726 272 aa.
750 219 785 284 [a.
802 217 834 272 c.
852 219 914 286 179]
1064 209 1106 276 ot
1196 288 1197 292 Ἴ
1280 161 1281 166 ¹

208 361 255 422 LI.
277 362 427 423 Censores
440 361 522 422 fideli
534 361 701 424 eoncordia
711 373 851 426 senatum
862 367 1009 442 legerunt.
1024 370 1106 444 prin-

125 461 200 522 ceps
215 447 313 506 lectus
329 453 378 506 est
391 445 460 520 ipse
475 461 586 507 censor
599 446 639 507 Μ.
653 447 802 510 Aemilius
817 450 954 526 Lepidus
969 453 1107 527 pontifex

124 531 290 590 maximus:
313 537 375 590 tres
396 529 483 590 eiecti
504 529 544 590 de
565 537 689 602 senatu;
711 531 834 594 retinuit
853 534 1005 610 quosdam
1017 535 1107 612 Lepi·

124 615 184 674 dus
200 613 349 689 acollega
369 613 560 689 praeteritos.
587 630 682 690 opera
702 631 741 675 ex
761 619 893 692 pecunia
908 618 1049 680 attributa
1063 620 1108 680 di·

122 699 254 774 visaque
280 697 358 758 inter
384 711 420 757 se
439 695 516 759 haec
536 700 742 759 coniecerunt.
777 700 913 775 Lepidus
935 703 1046 763 molem
1068 703 1108 763 ad

122 782 331 854 Tarracinam,
357 779 508 856 ingratum
529 797 626 857 opus,
653 783 738 858 quod
757 783 885 858 praedia
905 783 1038 846 habebat
1057 785 1107 859 ibi,

122 865 493 941 privatamque-publicae
507 867 552 925 rei
567 866 738 942 impensam
747 867 935 940 inserueram
956 868 1107 929 theatrum

123 949 365 1033 etproscenium
380 949 419 1008 ad
433 946 596 1025 Apollinis,
612 950 721 1012 aedem
735 949 817 1012 lovis
832 949 863 1010 in
880 951 1039 1028 capitolio,
1055 967 1106 1012 co·

121 1034 305 1109 lumnasque
324 1031 405 1093 circa
420 1033 581 1107 poliendas
597 1034 666 1096 albo
682 1035 809 1105 locavit3
832 1041 863 1095 et
877 1035 915 1096 ab
929 1035 978 1096 his
993 1036 1108 1097 colum·

121 1119 186 1192 nis,
202 1133 283 1194 quae
296 1117 490 1178 incommode
504 1117 648 1195 opposita
662 1117 859 1194 videbantur,
881 1120 970 1194 signa
984 1119 1107 1194 amovit,

122 1203 286 1278 clipeaque
300 1200 340 1260 de
356 1199 505 1261 columnis
522 1209 552 1262 et
566 1202 654 1277 signa
667 1203 807 1263 militaria
822 1201 925 1262 adfixa
940 1204 1039 1265 omnis
1054 1219 1106 1278 ge-

121 1286 205 1346 neris
225 1285 368 1361 dempsit.
399 1282 440 1343 M.
453 1282 578 1346 Fulvius
599 1287 687 1360 plura
707 1293 739 1346 et
751 1285 876 1347 maioris
893 1286 1007 1347 locavit
1019 1301 1107 1360 usus,

122 1377 245 1446 portum
267 1376 298 1430 et
316 1368 396 1444 pilas
417 1369 521 1442 pontis
542 1368 573 1429 in
587 1367 733 1443 Tiberim,
755 1369 866 1444 quibus
887 1369 957 1444 pilis
973 1370 1107 1430 fornices

121 1462 197 1530 post
215 1453 333 1530 aliquot
353 1466 451 1512 annos
473 1451 506 1512 P.
529 1449 632 1528 Scipio
653 1451 817 1514 Africanus
839 1458 870 1512 et
888 1453 923 1512 L.
943 1452 1107 1513 Mummius

122 1551 271 1600 censores
292 1539 472 1598 locaverunt
491 1535 712 1611 imponendam
734 1536 892 1597 basilicam
912 1544 984 1613 post
999 1552 1107 1612 argen-

122 1623 218 1684 tarias·
242 1633 340 1682 novas
366 1627 397 1682 et
417 1621 516 1682 iorum
537 1620 736 1696 piscatorium
757 1620 951 1682 circumdatis
971 1619 1106 1681 tabernis

123 1722 201 1783 quas
221 1702 359 1766 vendidit
377 1705 407 1764 in
428 1705 595 1780 privatum
617 1705 777 1780 eliorum,
799 1712 830 1765 et
850 1703 1002 1780 porticum
1016 1711 1104 1768 extra

122 1797 243 1867 portum
262 1786 478 1864 Trigeminam,
505 1793 536 1848 et
555 1786 644 1848 aliam
667 1797 739 1864 post
761 1787 882 1848 navalia
903 1794 934 1848 et
948 1787 1107 1849 adlanum

121 1873 262 1934 Herculis
279 1880 309 1933 et
323 1877 396 1946 post
411 1871 485 1948 Spei
500 1871 539 1930 ad
552 1870 684 1931 Tiberim
699 1872 807 1932 aedem
819 1871 971 1947 Apollinis
986 1869 1106 1931 medici.

121 1957 258 2018 habuere
273 1963 303 2018 et
316 1955 346 2016 in
362 1955 540 2032 promiscuo
551 1961 711 2030 praeterea
721 1955 899 2030 pecuniam:⁴
920 1969 959 2014 ex
974 1970 1011 2015 ea
1024 1969 1106 2016 corn·

125 2040 253 2104 muniter
273 2041 413 2101 locarunt
427 2053 539 2116 aquam
553 2036 766 2099 abducendum
781 2039 978 2115 fornicesque
993 2038 1105 2099 lacien-

123 2125 191 2187 dos.
219 2123 436 2200 impedimento
452 2121 538 2198 operi
553 2121 609 2182 luit
621 2121 661 2180 M.
676 2120 799 2183 Licinus
815 2123 961 2195 Crassus,
985 2120 1037 2197 qui
1051 2137 1108 2206 per

122 2209 250 2272 fundum
271 2224 361 2269 suum
382 2205 454 2267 duci
476 2221 536 2265 non
558 2213 606 2266 est
624 2221 749 2280 passus.
780 2204 916 2280 portoria
938 2218 1063 2280 quoque
1077 2203 1110 2266 et

121 2290 283 2370 vectigalia
313 2289 405 2351 iidem
436 2291 530 2363 multa
559 2286 762 2349 instituerunt.
804 2289 963 2362 complura
993 2287 1107 2348 sacella

122 2377 261 2454 publica,
278 2389 357 2452 quae
372 2376 491 2435 fuerant
506 2379 659 2449 occupata
673 2389 691 2433 a
705 2369 850 2449 privatis,
864 2371 990 2448 publica
1004 2385 1106 2432 sacra·

124 2477 184 2539 que
198 2468 231 2522 ut
245 2465 350 2521 essent
363 2463 564 2535 paterentque
574 2458 691 2532 populo
704 2462 856 2519 curarunt.
876 2461 1029 2516 mutarunt
1042 2455 1105 2516 sul-

122 2546 235 2621 iragia,
261 2543 505 2620 regionatimque
525 2542 688 2616 generibus
710 2541 867 2603 hominum
889 2539 1056 2614 causisque
1076 2544 1107 2598 et

125 2628 303 2706 quaestibus
317 2627 415 2689 tribus
431 2623 670 2702 descripserunt.
697 2625 758 2684 Lll.
781 2632 811 2687 et
824 2625 900 2686 alter
915 2639 955 2684 ex
969 2622 1106 2683 censori·

122 2715 182 2774 bus
207 2711 248 2772 M.
269 2711 420 2773 Aemilius
446 2708 532 2786 petiit
558 2708 596 2769 ab
618 2715 740 2784 senatu,
764 2715 799 2769 ut
824 2706 884 2768 sibi
904 2703 1106 2767 dedicationis

121 2796 305 2873 templorum
313 2795 439 2871 reginae
448 2793 574 2855 Iunonis
586 2799 617 2853 et
626 2792 751 2868 Dianae,
764 2805 842 2868 quac
854 2789 936 2851 bello
947 2788 1106 2864 Ligustino

124 2889 195 2942 ante
212 2896 315 2945 annos
327 2886 397 2942 octo
412 2878 560 2952 vovisset,
575 2877 709 2953 pecunia
722 2875 762 2936 ad
773 2875 866 2936 ludos
880 2874 1106 2935 decerneretur.

122 2965 228 3041 viginti
239 2962 413 3037 milia-aeris
424 2962 633 3024 decreverunt.
652 2959 805 3022 dedicavit
816 2973 869 3020 eas
881 2957 1105 3032 aedesuuam-

125 3064 186 3122 que
206 3047 237 3110 in
251 3048 341 3110 circo
361 3046 523 3122 Flaminio,
543 3044 698 3123 ludosque
719 3043 860 3106 scenicos
880 3041 1014 3104 triduum
1034 3047 1107 3118 post

124 3130 348 3194 dedicationem
362 3131 467 3209 templi
479 3129 615 3203 Iunonis,
630 3123 756 3190 biduum
771 3135 844 3204 post
855 3124 981 3202 Dianae,
999 3133 1030 3188 et
1043 3124 1106 3186 sin·

124 3216 215 3293 gulos
237 3217 304 3277 dies
323 3215 395 3278 iecit
413 3217 444 3276 in
463 3216 555 3279 circo.
589 3213 673 3274 idem
693 3211 846 3276 dedicavit
861 3210 969 3273 aedem
983 3210 1105 3270 Larium

124 3299 329 3378 permarinum
350 3298 381 3360 iu
397 3299 520 3378 campo.
551 3305 680 3362 voverat
694 3313 762 3359 eam
776 3296 864 3358 annis
878 3293 1021 3357 undecim
1036 3296 1107 3353 ante

123 3385 157 3444 L.
172 3384 320 3446 Aemilius
334 3383 471 3460 Regillus
495 3383 597 3446 navali
615 3383 733 3461 proelio
755 3381 907 3444 adversus
928 3376 1104 3455 praefectos

124 3470 207 3545 regis
220 3467 374 3531 Antiochi.
397 3483 492 3545 supra
504 3469 612 3530 valvas
623 3468 728 3545 templi
741 3465 850 3528 tabula·
861 3477 930 3525 cum
943 3458 1030 3522 titulo
1044 3457 1106 3520 hoo

168 3570 193 3614 r.
207 3569 269 3614 nrm
282 3569 358 3614 rnns
372 3553 411 3613 V.
877 3553 895 3608 l
