2598 3956
229 191 346 254 LIBER
361 193 422 252 XL.
446 193 529 252 car.
544 201 587 255 ar.
599 201 643 256 aa
667 201 1023 270 [espaniacum]
1077 193 1119 260 83

39 395 43 402 .
135 349 247 410 codem
268 363 350 408 anno
372 355 493 408 centum
515 345 641 408 obsides
655 345 781 423 redditi,
803 365 974 425 pacemque
994 366 1062 411 eum
1080 351 1118 418 iis

134 432 271 508 populus
291 432 450 492 Romanus
470 447 532 492 non
552 430 591 490 ab
612 447 647 492 se
666 437 781 492 tantum
802 434 860 492 sed
877 433 915 493 ab
935 449 1009 508 rege
1029 435 1119 494 etiam

132 515 301 577 Masinissa
315 513 473 591 praestitit,
490 516 541 589 qui
557 529 626 576 cum
641 515 796 592 praesidio
808 523 923 578 armato
935 533 1049 593 agrum,
1066 519 1120 593 qui

132 600 164 661 in
180 599 392 660 controversia
406 605 479 672 erat,
495 598 659 661 obtinebat.

220 682 343 744 XXXV.
366 679 503 743 Otiosam
517 681 708 760 provineiam
723 684 867 745 consules
882 682 1062 762 habuerunt.
1076 685 1119 746 M.

132 766 269 827 Baebius
294 765 486 828 comitiorum
511 783 606 830 eausa
630 767 758 828 Romam
782 773 947 828 revocatus
973 771 1118 829 eonsules

132 850 249 910 creavit
261 851 300 910 A.
314 849 504 911 Postumium
518 848 662 912 Albinum
677 850 810 911 Luscum
831 857 862 910 et
876 851 907 912 C.
924 850 1118 927 Calpurnium

130 933 285 994 Pisonem.
308 940 467 1008 praetores
483 935 596 994 exinde
606 935 678 994 lacti
689 934 732 994 Ti.
745 933 947 1010 Sempronius
961 935 1117 998 Gracchus

129 1018 165 1077 L.
179 1016 355 1079 Postumius
368 1017 499 1078 Albinus
511 1018 543 1078 P.
555 1017 713 1079 cornelius
723 1016 896 1092 Mammula,
910 1018 954 1080 Ti.
965 1019 1117 1082 Minucius

128 1099 306 1162 Molliculus
327 1101 364 1160 Α.
385 1099 535 1162 Hostilius
555 1101 715 1163 Mancinus
736 1101 767 1162 C.
788 1101 938 1162 Maenius.
965 1101 986 1162 ii
1008 1118 1116 1164 omnes

129 1185 341 1260 magistratum
355 1183 458 1246 idibus
472 1184 589 1250 Martiis
604 1185 744 1245 inierunt.

215 1268 367 1343 Principio
382 1267 449 1330 eius
465 1270 551 1343 anni,
574 1285 636 1345 quo
651 1271 688 1328 Α.
703 1268 879 1330 Postumius
893 1269 1024 1330 Albinus
1039 1277 1070 1330 et
1085 1271 1116 1331 C.

130 1351 316 1428 Calpurnius
326 1351 398 1412 Piso
415 1355 559 1413 eonsules
575 1353 705 1426 fuerunt,
720 1353 759 1412 ab
770 1354 808 1411 Α.
820 1351 978 1414 Postumio,
989 1355 1118 1414 consule

128 1437 161 1497 in
183 1442 321 1496 senatum
341 1436 504 1498 introducti
526 1436 579 1512 qui
599 1451 637 1494 ex
652 1436 802 1510 Hispania
818 1436 957 1496 citeriore
971 1445 1118 1499 venerant

129 1538 149 1582 a
171 1519 205 1595 Q.
220 1519 327 1582 Fulvio
348 1519 475 1594 Flacco,
496 1520 529 1579 L.
553 1520 706 1580 Minumus
727 1519 847 1594 legatus
868 1526 898 1581 et
918 1519 979 1580 duo
1001 1520 1114 1582 tribuni

129 1603 267 1679 militum,
279 1605 312 1664 Τ.
320 1602 460 1669 Maenius
472 1613 502 1666 et
511 1604 545 1663 L.
556 1602 714 1664 Terentius
724 1603 914 1664 Massaliota.
928 1602 960 1664 hi
971 1619 1040 1664 eum
1053 1604 1113 1666 duo

130 1687 269 1750 secunda
287 1687 420 1763 proelia,
441 1687 518 1748 inde.
529 1687 714 1748 deditionem
730 1687 923 1761 Celtiberiae,
944 1688 1115 1750 conlectam

129 1771 535 1848 provinciamnuntiassent,
550 1787 607 1831 nec
622 1770 785 1846 stipendio,
803 1771 888 1846 quod
902 1770 976 1833 mitti
991 1772 1115 1846 soleret,

129 1871 188 1916 nee
208 1857 359 1916 frumento
379 1862 499 1930 portato
521 1856 561 1915 ad
582 1856 748 1915 exercitum
768 1855 799 1914 iu
821 1871 891 1916 eum
905 1870 1018 1916 annum
1034 1872 1114 1930 opus

130 1955 218 2012 esse,
245 1938 398 2014 petierunt
418 1939 456 2000 ab
477 1946 586 2000 senatu
606 1939 752 2014 primum,
777 1946 810 2000 ut
829 1939 870 2000 ob
890 1954 944 2000 res
964 1955 1115 2015 prospere

129 2029 235 2098 gestas
256 2022 315 2084 diis
336 2022 556 2084 immortalibus
577 2022 678 2083 bonos
698 2020 875 2097 baberetur,
901 2023 1013 2084 deinde
1033 2031 1066 2085 ut
1080 2022 1114 2098 Q.

128 2107 237 2168 Fulvio
257 2106 419 2167 decedenti
441 2108 479 2167 de
494 2105 653 2181 provincia
669 2107 832 2181 deportare
848 2105 920 2167 iude
937 2108 1114 2181 exereitum,

131 2191 217 2250 euius
240 2191 309 2252 torti
331 2205 426 2266 opera
441 2198 471 2250 ct
490 2191 560 2264 ipse
574 2197 604 2249 et
618 2189 703 2250 multi
718 2196 787 2249 ante
803 2205 872 2249 eum
887 2198 1045 2264 praetores
1064 2191 1115 2250 usi

130 2280 245 2348 esseut,
261 2275 375 2334 liceret.
399 2275 482 2348 quod
497 2272 573 2346 lieri,
593 2279 807 2348 praeterquam
824 2272 908 2348 quod
922 2273 964 2332 ita
978 2273 1113 2346 deberet,

94 2409 97 2412 .
130 2359 220 2418 etium
241 2373 340 2434 prope
360 2358 570 2418 necessarium
590 2373 677 2418 esse:
699 2357 740 2417 ita
758 2355 838 2416 enim
854 2355 1025 2417 obstinatos
1041 2372 1114 2418 esse

128 2442 256 2516 milites,
277 2450 311 2503 ut
330 2457 392 2503 non
412 2443 489 2504 ultra
504 2441 627 2502 retineri
642 2443 784 2517 possein
800 2439 959 2517 provincia
974 2439 1114 2503 videren-

129 2534 194 2600 tur,
215 2526 399 2602 iniussuque
412 2525 522 2586 abituri
535 2525 607 2585 inde
622 2532 741 2599 essent,
764 2525 791 2586 si
806 2541 869 2585 non
884 2524 1113 2600 dimitterentur,

128 2618 181 2671 alit
194 2611 224 2670 in
241 2611 460 2686 perniciosam,
477 2608 503 2670 si
519 2609 587 2684 quis
603 2609 743 2686 impense
757 2611 915 2679 retineret,
932 2609 1115 2682 seditionem

25 2735 31 2748 .
127 2694 279 2756 exarsuri.
310 2694 489 2756 consulibus
510 2693 660 2754 ambobus
681 2692 871 2768 provinciam
890 2691 1020 2766 Ligures
1042 2709 1114 2754 esse

128 2785 255 2839 senatus
271 2779 370 2840 iussit.
398 2785 556 2853 praetores
571 2776 642 2837 inde
656 2776 753 2838 sortiti
768 2783 853 2838 sunt:
875 2777 904 2834 A
916 2775 1047 2836 Hostilio
1062 2794 1113 2838 ur·

127 2863 224 2937 bana,
244 2863 287 2923 Ti.
302 2861 437 2923 Minucio
459 2859 620 2936 peregrina
634 2859 772 2931 obvenit,
794 2859 827 2920 P.
844 2857 984 2920 Cornelio
999 2857 1112 2935 Sicilia,

128 2947 160 3007 C.
175 2947 296 3007 Maenio
319 2945 470 3008 Sardinia.
498 2944 665 3020 Hispanias
687 2943 783 3007 sortiti
798 2943 832 3002 L.
847 2942 1021 3004 Postumius
1036 2943 1112 3004 ulte

126 3031 255 3105 riorem,
276 3029 319 3090 Ti.
336 3029 537 3106 Sempronius
558 3028 738 3090 citeriorem.
770 3029 797 3088 is
820 3027 892 3103 quia
906 3043 1111 3094 successurus

128 3113 163 3188 Q.
176 3113 285 3176 Fulvio
300 3115 411 3175 Placco
427 3120 508 3186 erat,
529 3126 569 3172 ne
588 3119 692 3174 vetere
713 3110 1023 3186 exorcituprovincia
1037 3128 1110 3186 spo·

126 3199 265 3274 llaretur,
287 3202 446 3273 „quaero“
467 3196 567 3272 inquit
581 3195 641 3271 „de
655 3204 701 3271 te,
721 3196 755 3256 L.
771 3193 900 3270 Minuci,
923 3211 992 3256 eum
1007 3195 1081 3256 conf
1098 3225 1110 3235 -

128 3291 207 3343 etam
222 3280 412 3359 provinciam
424 3281 555 3355 nunties,
571 3279 768 3342 existimesne
778 3279 946 3340 Celtiberos
958 3283 1109 3354 perpetuo

126 3366 157 3426 iu
172 3366 234 3428 ilde
248 3379 422 3439 mansuros,
437 3365 479 3426 ita
488 3371 522 3426 ut
536 3364 605 3424 sine
614 3364 799 3425 exereitum
809 3361 970 3439 provincia
981 3359 1116 3422 obtineri

126 3451 237 3527 possit
264 3450 292 3510 si
312 3464 414 3525 neque
435 3449 475 3510 de
493 3448 556 3509 ilde
575 3447 774 3510 barbarorum
794 3447 958 3590 quieguam
972 3442 1110 3518 recipere
