2574 3954
180 135 242 205 178
350 137 466 199 LIBER
479 137 566 198 xclt.
590 136 673 196 car.
688 140 787 200 esst.
811 140 895 209 [au
909 139 1008 207 aser]

180 291 302 372 generis
315 293 401 353 luere
415 325 451 336 -
464 288 569 352 divisit
580 289 619 350 ad
630 289 816 365 epulandum
829 286 983 358 militibus.
998 287 1090 347 LVll.
1102 287 1160 349 sub

180 379 263 441 idem
277 375 390 438 deinde
404 381 526 450 tempus
539 374 700 436 consilium
711 380 742 433 et
753 373 862 434 consul
873 378 904 432 el
913 387 969 432 rex
980 371 1160 446 habuerunt,

180 463 264 523 unde
278 461 392 520 bellum
407 457 590 520 ordirentur.
611 459 694 532 regis
712 462 873 518 creverunt
881 455 978 516 animi
989 456 1160 517 vastatione

182 559 334 608 concessa
349 543 407 603 sibi
420 542 460 602 'ab
475 543 565 603 hoste
579 541 706 604 Pheraei
721 540 802 617 agri:
822 540 926 616 itaque
941 538 1075 600 eundum
1090 539 1160 601 inde
1179 575 1184 582 -

182 631 221 690 ad
243 634 346 688 castra
365 642 422 687 nec
437 626 573 687 dandum
587 627 667 686 ultra
679 626 814 701 spatium
829 623 990 686 cunctandi
1004 624 1158 684 censebat.

181 719 212 774 et
225 709 356 773 Romani
377 709 545 772 censebant
565 707 790 771 cunctationem
811 723 900 769 suam
919 707 1062 768 infamem
1077 708 1159 781 apud

182 793 286 858 socios
302 810 383 868 esse,
398 793 608 869 maximopere
620 791 746 867 indigne
760 793 892 854 larentes
904 807 967 854 non
982 791 1072 851 latam
1084 789 1158 850 Phe·

180 877 262 940 rasis
278 893 378 954 opem.
401 877 658 952 consultantibus,
680 876 755 951 quid
769 883 895 951 agerent
907 907 951 920 -
964 874 1093 936 aderant
1107 889 1158 933 au·

182 967 242 1022 tem
262 962 415 1022 Eumenes
436 967 466 1022 et
479 961 600 1024 Attalus
623 961 653 1020 in
675 960 803 1021 consilio
816 991 860 1005 —
874 959 1013 1034 trepidus
1035 957 1159 1019 nuntius

183 1042 282 1106 adfert
305 1045 426 1106 hostem
450 1061 561 1121 magno
586 1042 707 1119 angne
727 1043 849 1105 adesse.
880 1040 1010 1103 consilio
1031 1041 1158 1102 dimisso

183 1130 303 1206 signum
318 1129 473 1204 extemplo
495 1129 598 1204 datur,
619 1132 653 1188 ul
666 1143 751 1188 arma
766 1127 897 1203 capiant.
925 1123 1044 1188 interim
1058 1125 1158 1201 placet

182 1229 221 1274 ex
235 1212 329 1289 regiis
343 1211 465 1272 auxiliis
480 1219 601 1273 centum
615 1209 735 1286 equites
749 1219 781 1272 et
790 1225 896 1287 parem
906 1219 1065 1272 numerum
1076 1209 1159 1269 iacu-

181 1298 310 1359 latorum
331 1296 467 1371 peditum
489 1289 592 1358 exires
609 1294 742 1356 Perseus
760 1293 837 1355 hora
857 1294 953 1354 ferme
966 1293 1028 1354 diei
1043 1301 1159 1368 quarta,

182 1397 251 1442 eum
271 1382 364 1458 paulo
386 1383 456 1454 plus
478 1378 559 1441 mille
579 1395 693 1456 passus
708 1379 833 1439 abesset
846 1393 864 1436 a
879 1377 988 1438 castris
1003 1376 1159 1451 Romanis,

182 1465 352 1525 consistere
373 1463 462 1538 signa
483 1464 619 1540 peditum
640 1463 737 1523 iussit.
773 1475 978 1538 praegressus
999 1460 1157 1536 ipserum

181 1545 336 1623 equitibus
357 1561 395 1606 ac
417 1547 476 1607 levi
498 1556 665 1619 armatura,
688 1551 719 1605 et
739 1544 834 1624 Cotys
857 1559 926 1606 cum
947 1560 985 1604 eo
1001 1546 1158 1621 ducesque

180 1630 309 1692 aliorum
321 1629 504 1690 auxiliorum
515 1636 760 1705 praecesserunt.
779 1630 882 1690 minus
893 1629 1076 1705 quingentos
1087 1645 1145 1704 pas

181 1729 236 1776 sus
257 1715 296 1775 ab
318 1713 427 1774 castris
450 1713 590 1787 aberant,
612 1729 680 1774 cum
694 1713 724 1772 in
742 1719 912 1789 conspeetu
926 1713 1012 1773 luere
1026 1711 1158 1774 hostium

148 1821 150 1824 ·
180 1799 315 1874 equites=
339 1798 418 1857 duae
433 1797 501 1857 alae
516 1805 726 1873 erantmagna
740 1803 881 1873 exparte
895 1796 1064 1871 Gallorum,
1086 1795 1159 1857 cas·

179 1882 317 1956 signatus
333 1888 481 1955 praeerat,
498 1888 529 1942 el
542 1881 619 1941 levis
634 1887 804 1942 armatmae
819 1886 940 1941 centum
955 1881 1019 1940 lere
1031 1887 1062 1941 et
1071 1879 1159 1955 qnin-

179 1963 326 2041 quaginta
338 1964 420 2042 Mysi
436 1971 488 2024 aut
499 1965 670 2026 Cretenses.
686 1963 821 2026 constitit
831 1980 888 2024 rex
902 1964 1045 2039 incertus,
1062 1979 1159 2040 quan-

177 2055 242 2109 tum
257 2057 342 2110 esset
356 2047 498 2109 hostium.
516 2049 594 2109 duas
605 2049 676 2108 inda
690 2065 729 2109 ex
741 2047 861 2124 agmine
872 2053 987 2110 tunnas
998 2048 1158 2122 Thracum,

180 2132 257 2193 duas
283 2129 487 2192 Macedonum
513 2148 583 2194 cum
606 2131 686 2193 binis
712 2133 901 2194 Cretensium
927 2131 1106 2193 cohortibus
1129 2142 1161 2201 et

177 2215 327 2278 Thracum
347 2215 437 2278 misit.
466 2216 631 2292 proelium,
654 2232 723 2276 cum
738 2231 829 2292 pares
843 2229 971 2277 numero
987 2223 1092 2277 essent
1106 2231 1159 2276 ne·

178 2317 239 2376 que
254 2301 293 2361 ab
307 2299 366 2359 hac
382 2306 433 2360 aut
446 2299 498 2359 illa
509 2307 595 2374 parte
606 2316 687 2360 nova
697 2298 809 2360 auxilia
821 2297 1028 2374 subvenirent,
1043 2300 1160 2362 incerta

175 2383 305 2444 victoria
329 2383 445 2442 linitum
471 2388 528 2443 est.
561 2381 705 2442 Eumenis
731 2385 826 2443 terme
851 2381 974 2458 uiginta
997 2382 1159 2459 interlecti,

175 2466 255 2526 inter
270 2481 350 2540 quos
366 2465 567 2540 Cassignatus
582 2467 646 2527 dux
662 2466 816 2528 Gallorum
828 2467 947 2528 cecidit.
963 2477 993 2528 ct
1007 2473 1079 2529 tunc
1091 2468 1158 2542 qui-

175 2549 247 2609 dem
266 2549 399 2610 Perseus
420 2549 460 2610 ad
482 2547 646 2628 Sycurium
670 2549 778 2626 copias
798 2549 930 2614 reduxit.
957 2557 1084 2625 postero
1107 2549 1159 2612 die

175 2632 258 2693 circa
272 2633 402 2694 eandem
414 2631 522 2694 horam
537 2634 567 2694 in
579 2633 710 2696 cundem
722 2635 823 2705 locum
834 2650 889 2696 rex
900 2634 1008 2710 copias
1021 2634 1161 2695 admovit

174 2715 321 2791 plaustris
344 2733 413 2784 cum
432 2733 513 2794 aqua
534 2717 750 2795 sequentibus=
777 2735 847 2780 nam
864 2709 1027 2779 duodoeim
1042 2719 1159 2778 milium

174 2817 324 2877 passuum
346 2802 395 2862 via
418 2803 518 2864 omnis
538 2803 605 2864 sine
629 2819 711 2878 aqua
729 2810 760 2865 et
781 2801 903 2880 plurimi
921 2799 1059 2879 pulveris
1074 2807 1157 2872 erat;

173 2885 376 2961 adfectosque
390 2885 455 2959 siti,
479 2883 506 2946 si
519 2885 619 2962 primo
635 2887 666 2946 in
680 2893 849 2962 conspectu
864 2886 1077 2959 dimicassent,
1097 2901 1156 2962 pu-

173 2973 321 3041 gnaturos
338 2968 437 3029 luisse
452 2969 631 3044 apparebat.
648 2985 717 3031 cum
731 2969 861 3031 Romani
877 2969 1037 3046 quiessent
1048 2970 1156 3030 statio-

173 3048 263 3110 nibus
279 3049 370 3111 etiam
385 3049 464 3112 intra
478 3053 589 3112 vallum
603 3053 754 3128 reductis,
774 3054 851 3129 regii
866 3069 992 3130 quoque
1006 3053 1037 3113 in
1053 3060 1157 3113 castra

170 3133 310 3195 redeunt
333 3133 393 3195 hoc
406 3150 465 3211 per
479 3135 596 3212 aliquot
608 3135 675 3198 dies
691 3137 842 3212 lecerunt,
864 3143 1026 3214 sperantes
1041 3138 1108 3196 lore
1122 3146 1158 3198 ut

171 3215 300 3278 Romani
321 3217 440 3294 equites
461 3219 636 3284 abeuntium
657 3221 858 3284 novissimma
878 3234 987 3297 agmen
1003 3219 1156 3295 adgrede-

170 3305 290 3374 rentur;
319 3300 392 3362 inda
419 3303 583 3366 certamine
603 3311 671 3367 orto
692 3321 761 3367 cum
782 3303 904 3380 longius
925 3320 944 3365 a
964 3305 1074 3364 castris
1095 3319 1154 3366 cos

168 3382 359 3460 elicuissant,
382 3387 486 3464 facile,
506 3387 610 3450 ubiubi
625 3396 738 3465 essent
761 3405 805 3466 se,
828 3388 880 3465 qui
896 3387 1032 3464 equitatu
1046 3398 1077 3450 et
1090 3388 1154 3449 levi
