2574 3954
312 244 428 307 LtBElt
440 244 545 307 xilv.
566 245 650 306 cal.
664 253 730 310 ur.
752 253 789 320 [a.
802 251 835 306 c.
847 251 909 318 169]
1041 243 1105 311 215

122 395 253 458 transitu
268 393 411 454 difficilis.
440 411 510 454 narn
524 401 647 470 praeter
659 395 817 472 angustias
832 412 889 473 per
903 397 1040 474 quinque
1050 399 1105 458 mi-

20 481 21 484 ’
120 481 172 553 lia,
188 493 251 556 qua
263 475 406 556 exiguum
419 479 553 540 iumento
569 487 680 541 onusto
694 481 751 542 iter
765 488 827 554 est,
845 482 1106 558 mpesuuiruque

120 567 164 625 ita
178 561 321 624 abscisae
335 569 416 636 sunt,
430 569 464 622 ut
479 561 596 640 despici
610 563 663 622 vix
677 563 745 624 sine
755 564 903 640 vertigine
917 565 1050 640 quadam
1064 567 1105 626 si·

120 647 184 708 rnul
208 647 365 708 oculorum
385 645 540 722 animique
560 647 669 722 possit.
704 655 797 708 terret
812 648 980 710 ettonitus
993 657 1026 710 et
1039 649 1105 710 alti·

119 730 195 792 tudo
211 745 268 808 per
285 728 416 791 mediam
430 730 539 790 vallem
559 729 682 790 fluentis
695 729 789 791 Penei
807 732 918 792 amnis.
953 731 1002 791 hio
1015 734 1104 794 locus

120 823 184 874 tam
208 819 318 888 suapte
342 820 452 874 natura
470 813 602 876 infestus
627 829 685 890 per
707 821 850 890 quattuor
869 815 1015 876 distantia
1034 816 1105 876 loca

120 897 287 974 praesidiis
308 897 402 972 regiis
420 895 479 957 luit
497 896 650 958 insessos.
678 913 773 960 unum
793 900 824 958 in
845 899 944 974 primo
965 898 1050 959 aditu
1065 900 1105 959 ad

120 981 264 1042 Gonnum
284 986 364 1056 erat,
389 979 516 1040 alterum
536 979 693 1062 Condylo,
715 982 843 1043 castello
863 982 1104 1058 inexpugnabili,

119 1063 242 1126 tertium
253 1063 337 1124 circa
348 1061 555 1142 Lapathunta,
569 1079 660 1141 quem
673 1063 808 1126 Characa
822 1067 991 1141 appellant,
1013 1081 1104 1141 quar·

117 1157 184 1210 turn
198 1147 267 1207 viae
281 1147 350 1222 ipsi,
366 1163 426 1222 qua
441 1155 472 1209 et
483 1146 585 1207 media
599 1156 630 1208 et
639 1149 856 1223 angustissima
869 1147 955 1209 vallis
971 1156 1028 1224 est,
1050 1149 1104 1210 im·

118 1231 271 1308 positum,
292 1245 383 1304 quam
402 1231 454 1290 vei
475 1229 581 1290 decem
596 1232 719 1292 annalis
733 1232 812 1293 tueri
825 1233 914 1293 lacile
926 1239 986 1293 est.
1013 1234 1104 1297 inter-

118 1316 208 1376 cluso
230 1328 286 1388 per
301 1315 414 1388 Tempe
434 1313 524 1373 simul
544 1311 628 1375 aditu
647 1315 868 1377 commeaturus
888 1315 978 1376 simul
994 1317 1105 1390 reditu,

118 1397 182 1474 ipsi
192 1402 312 1458 montes
324 1411 380 1473 per
392 1411 472 1472 quos
484 1396 711 1459 descenderant
721 1397 881 1474 repetendi
892 1406 987 1459 erant.
1009 1399 1104 1474 quod,

118 1490 153 1543 ut
168 1483 249 1542 iurto
263 1480 443 1556 tutellerant,
459 1480 500 1541 ita
511 1481 680 1558 propalam,
695 1482 869 1544 tenentibus
879 1481 1041 1557 superiora
1052 1497 1103 1543 ca-

117 1566 241 1626 cumina
254 1562 395 1624 hostibus
410 1579 472 1625 non
484 1571 641 1639 poterant;
655 1573 687 1626 et
698 1573 825 1643 experta
836 1565 1000 1626 dillleultus
1011 1581 1102 1641 spem

116 1662 241 1710 onmem
261 1645 430 1708 incidisset.
462 1655 623 1724 supererat
642 1647 716 1709 nihil
736 1649 819 1710 aliud
839 1649 869 1708 in
889 1655 1003 1709 temere
1019 1665 1103 1710 oom-

118 1732 216 1793 misso
232 1747 324 1807 quam
338 1731 369 1790 in
383 1729 595 1792 Macedoniam
609 1731 649 1792 ad
663 1733 751 1793 Dium
767 1747 823 1809 per
836 1732 955 1794 medios
970 1734 1104 1793 evadere

119 1817 243 1886 hostes,
261 1813 360 1892 quod,
375 1813 433 1874 nisi
448 1814 490 1874 dii
504 1822 636 1875 mentem
649 1817 716 1891 regi
728 1814 932 1888 ademissent,
955 1823 986 1877 et
999 1813 1102 1891 ipsum

118 1899 250 1975 ingentis
266 1898 452 1959 difficultatis
468 1905 541 1960 crat.
579 1915 650 1958 narn
665 1915 733 1960 cum
749 1897 870 1978 Olympi
881 1897 1003 1960 radices
1017 1915 1102 1960 mon·

116 1984 158 2043 tis
178 1985 271 2058 paulo
291 1982 362 2057 plus
384 1999 475 2059 quam
492 1982 573 2043 mille
594 1997 744 2058 passuum
768 1983 809 2044 ad
828 1997 912 2043 mare
931 1983 1105 2058 relinquant

119 2065 262 2142 spatium,
281 2066 368 2127 cuius
389 2065 546 2127 dimidium
564 2066 626 2126 loci
641 2074 774 2141 occupat
794 2066 906 2128 ostium
926 2067 987 2126 late
1006 2074 1102 2126 resta-

118 2165 220 2226 gnans
233 2149 371 2228 Baphyri
382 2149 489 2221 amnis,
504 2157 622 2225 partem
633 2149 778 2226 planitiae
795 2156 848 2211 aut
862 2149 944 2211 lovis
958 2151 1104 2224 templum

117 2240 173 2296 aut
192 2233 342 2310 oppidum
361 2240 458 2307 tenet,
483 2232 634 2310 reliquum
654 2235 856 2308 perexiguum
877 2233 964 2292 lossa
982 2230 1104 2291 modica

118 2319 264 2392 valloque
279 2315 381 2378 claudi
396 2323 525 2394 poterat,
539 2323 571 2378 et
585 2331 731 2378 saxorum
745 2315 786 2376 ad
800 2331 923 2375 manum
938 2315 1102 2376 silvestris·

117 2417 181 2476 que
202 2402 346 2462 materiae
366 2407 482 2461 tantum
503 2407 583 2475 erat,
604 2408 638 2460 ut
657 2400 707 2460 vel
720 2414 826 2462 murus
842 2398 923 2460 obici
937 2404 1104 2474 turresque

115 2485 245 2546 excitari
257 2485 419 2560 potuerint.
448 2499 577 2562 quorum
592 2483 667 2545 nihil
681 2499 750 2544 cum
765 2481 955 2560 dispexisset
974 2487 1104 2542 caecata

118 2583 207 2628 mens
223 2568 324 2629 subito
338 2576 471 2641 terrore,
497 2567 620 2628 nudatis
636 2568 778 2629 omnibus
800 2566 963 2644 praesidiis
986 2568 1102 2642 patela-

116 2653 240 2728 ctisque
254 2652 334 2712 bello
348 2652 390 2712 ad
403 2651 543 2730 Pydnam
556 2649 676 2726 refugit.

156 2745 161 2754 ·
202 2735 268 2794 vll.
290 2734 404 2796 Consul
421 2735 581 2810 plurimum
597 2742 627 2796 et
641 2733 787 2809 praesidii
799 2741 829 2792 et
847 2733 915 2808 spei
929 2749 1059 2793 cernens
1071 2733 1102 2792 in

117 2817 247 2883 stultitia
264 2826 294 2880 el
314 2819 443 2894 segnitia
459 2815 573 2888 hostis,
594 2818 726 2879 remisso
748 2815 853 2877 nuntio
869 2815 909 2875 ad
920 2815 975 2891 Sp.
990 2817 1101 2875 Lucre·

117 2902 192 2962 tium
206 2901 352 2978 Larisam,
365 2909 400 2963 ut
411 2899 537 2962 castella
550 2898 655 2960 relicta
667 2899 709 2960 ab
723 2899 814 2960 hoste
829 2899 912 2959 cirea
921 2898 1035 2974 Tempe
1049 2911 1102 2958 oc-

116 2992 255 3062 cuparet,
267 2983 577 3062 praemissoPopillio
590 2984 630 3044 ad
641 2981 850 3061 explorandos
862 2981 1008 3044 transitus
1021 2981 1104 3042 circa

117 3069 224 3141 Dium,
246 3075 410 3144 postquam
430 3075 537 3146 putere
556 3068 658 3130 omnia
676 3066 708 3128 in
723 3081 829 3129 omnes
844 3073 949 3143 partes
965 3066 1102 3126 animad-

117 3151 224 3226 vertit,
245 3152 390 3214 secundis
411 3152 520 3214 castris
541 3149 733 3228 pervenitad
747 3151 845 3226 Dium,
860 3149 1027 3226 metarique
1042 3148 1102 3209 sub

117 3235 191 3310 ipso
207 3236 329 3310 templo,
344 3251 384 3295 ne
399 3235 472 3311 quid
486 3251 576 3296 sacro
590 3235 622 3294 in
635 3236 704 3296 loco
718 3234 893 3308 violaretur,
910 3234 1008 3294 iussit
1029 3233 1101 3306 ipse

117 3317 227 3378 urbem
240 3318 410 3394 ingressus,
425 3319 504 3381 sicut
517 3335 579 3382 non
593 3333 742 3394 magnam,
757 3319 800 3378 ita
809 3325 988 3379 exornatam
1003 3315 1101 3391 publi·

119 3403 166 3461 cis
186 3401 263 3463 loeis
285 3408 315 3462 et
334 3403 524 3464 multitudine
545 3409 712 3464 statuarum
734 3402 943 3477 munitamque
967 3397 1100 3473 egregie,

118 3486 171 3545 vix
192 3485 266 3547 satis
288 3487 415 3548 credere
436 3486 467 3546 in
487 3485 578 3546 tantis
598 3484 691 3545 rebus
712 3485 780 3545 sine
800 3499 896 3544 causa
909 3480 1023 3542 relictis
1038 3495 1101 3541 non
