<?xml version="1.0" encoding="UTF-8"?>
<!DOCTYPE html PUBLIC "-//W3C//DTD XHTML 1.0 Transitional//EN"
    "http://www.w3.org/TR/xhtml1/DTD/xhtml1-transitional.dtd">
<html xmlns="http://www.w3.org/1999/xhtml" xml:lang="en" lang="en">
 <head>
  <title>
</title>
<meta http-equiv="Content-Type" content="text/html;charset=utf-8" />
  <meta name='ocr-system' content='tesseract 3.04.00' />
  <meta name='ocr-capabilities' content='ocr_page ocr_carea ocr_par ocr_line ocrx_word'/>
</head>
<body>
  <div class='ocr_page' id='page_1' title='image "./aburbeconditali09livygoog_0241.png"; bbox 0 0 2574 3954; ppageno 0'>
   <div class='ocr_carea' id='block_1_1' title="bbox 234 179 1097 274">
    <p class='ocr_par' dir='ltr' id='par_1_1' title="bbox 234 179 1097 274">
     <span class='ocr_line' id='line_1_1' title="bbox 234 179 1097 274; baseline 0.017 -23"><span class='ocrx_word' id='word_1_1' title='bbox 234 239 240 250; x_wconf 95' lang='lat'><em>.</em></span> <span class='ocrx_word' id='word_1_2' title='bbox 313 195 428 257; x_wconf 79' lang='lat' dir='ltr'>urban</span> <span class='ocrx_word' id='word_1_3' title='bbox 441 179 544 257; x_wconf 74' lang='lat' dir='ltr'>xciv.</span> <span class='ocrx_word' id='word_1_4' title='bbox 566 198 648 258; x_wconf 80' lang='lat' dir='ltr'>our.</span> <span class='ocrx_word' id='word_1_5' title='bbox 662 207 727 262; x_wconf 77' lang='lat' dir='ltr'>aa.</span> <span class='ocrx_word' id='word_1_6' title='bbox 749 207 785 274; x_wconf 67' lang='lat' dir='ltr'>[a.</span> <span class='ocrx_word' id='word_1_7' title='bbox 802 207 833 259; x_wconf 86' lang='lat' dir='ltr'>c.</span> <span class='ocrx_word' id='word_1_8' title='bbox 849 207 911 274; x_wconf 79' lang='lat' dir='ltr'>rao]</span> <span class='ocrx_word' id='word_1_9' title='bbox 1035 200 1097 267; x_wconf 79' lang='lat'>211</span> 
     </span>
    </p>
   </div>
   <div class='ocr_carea' id='block_1_2' title="bbox 117 345 1122 3579">
    <p class='ocr_par' dir='ltr' id='par_1_2' title="bbox 117 345 1122 3579">
     <span class='ocr_line' id='line_1_2' title="bbox 118 345 1099 428; baseline 0.005 -20"><span class='ocrx_word' id='word_1_10' title='bbox 118 345 236 426; x_wconf 87' lang='lat' dir='ltr'>placuit</span> <span class='ocrx_word' id='word_1_11' title='bbox 249 363 310 408; x_wconf 92' lang='lat' dir='ltr'>non</span> <span class='ocrx_word' id='word_1_12' title='bbox 325 347 405 409; x_wconf 85' lang='lat' dir='ltr'>ultra</span> <span class='ocrx_word' id='word_1_13' title='bbox 418 348 566 408; x_wconf 86' lang='lat' dir='ltr'>morando</span> <span class='ocrx_word' id='word_1_14' title='bbox 578 348 608 408; x_wconf 93' lang='lat' dir='ltr'>in</span> <span class='ocrx_word' id='word_1_15' title='bbox 619 349 777 410; x_wconf 75' lang='lat' dir='ltr'>Thessalia</span> <span class='ocrx_word' id='word_1_16' title='bbox 785 357 906 426; x_wconf 85' lang='lat' dir='ltr'>tempus</span> <span class='ocrx_word' id='word_1_17' title='bbox 919 358 1025 428; x_wconf 86' lang='lat' dir='ltr'>terere,</span> <span class='ocrx_word' id='word_1_18' title='bbox 1041 354 1099 414; x_wconf 91' lang='lat' dir='ltr'>sed</span> 
     </span>
     <span class='ocr_line' id='line_1_3' title="bbox 119 431 1098 508; baseline 0.005 -16"><span class='ocrx_word' id='word_1_19' title='bbox 119 445 245 494; x_wconf 83' lang='lat' dir='ltr'>movere</span> <span class='ocrx_word' id='word_1_20' title='bbox 266 431 419 506; x_wconf 80' lang='lat' dir='ltr'>extemplo</span> <span class='ocrx_word' id='word_1_21' title='bbox 441 438 543 492; x_wconf 87' lang='lat' dir='ltr'>castra</span> <span class='ocrx_word' id='word_1_22' title='bbox 561 439 656 508; x_wconf 75' lang='lat' dir='ltr'>atone</span> <span class='ocrx_word' id='word_1_23' title='bbox 674 433 747 494; x_wconf 87' lang='lat' dir='ltr'>inde</span> <span class='ocrx_word' id='word_1_24' title='bbox 766 445 896 508; x_wconf 75' lang='lat' dir='ltr'>pergere</span> <span class='ocrx_word' id='word_1_25' title='bbox 909 435 941 494; x_wconf 88' lang='lat' dir='ltr'>in</span> <span class='ocrx_word' id='word_1_26' title='bbox 954 435 1098 497; x_wconf 83' lang='lat' dir='ltr'>Macedo·</span> 
     </span>
     <span class='ocr_line' id='line_1_4' title="bbox 119 515 1098 594; baseline 0.003 -18"><span class='ocrx_word' id='word_1_27' title='bbox 119 515 202 576; x_wconf 84' lang='lat' dir='ltr'>niam</span> <span class='ocrx_word' id='word_1_28' title='bbox 216 521 246 576; x_wconf 89' lang='lat' dir='ltr'>et</span> <span class='ocrx_word' id='word_1_29' title='bbox 260 521 433 590; x_wconf 78' lang='lat' dir='ltr'><strong>praetorem</strong></span> <span class='ocrx_word' id='word_1_30' title='bbox 447 516 523 575; x_wconf 85' lang='lat' dir='ltr'>dane</span> <span class='ocrx_word' id='word_1_31' title='bbox 536 527 674 590; x_wconf 87' lang='lat' dir='ltr'>operam,</span> <span class='ocrx_word' id='word_1_32' title='bbox 694 522 729 577; x_wconf 89' lang='lat' dir='ltr'>ut</span> <span class='ocrx_word' id='word_1_33' title='bbox 742 515 852 578; x_wconf 84' lang='lat' dir='ltr'>eodem</span> <span class='ocrx_word' id='word_1_34' title='bbox 865 523 1005 594; x_wconf 86' lang='lat' dir='ltr'>temporo</span> <span class='ocrx_word' id='word_1_35' title='bbox 1020 520 1098 580; x_wconf 54' lang='lat' dir='ltr'>clas*</span> 
     </span>
     <span class='ocr_line' id='line_1_5' title="bbox 119 597 1098 676; baseline 0.003 -16"><span class='ocrx_word' id='word_1_36' title='bbox 119 599 164 660; x_wconf 87' lang='lat' dir='ltr'>sis</span> <span class='ocrx_word' id='word_1_37' title='bbox 180 613 305 674; x_wconf 86' lang='lat' dir='ltr'>quoque</span> <span class='ocrx_word' id='word_1_38' title='bbox 319 597 479 659; x_wconf 85' lang='lat' dir='ltr'>invehatur</span> <span class='ocrx_word' id='word_1_39' title='bbox 492 598 626 660; x_wconf 86' lang='lat' dir='ltr'>hostiurn·</span> <span class='ocrx_word' id='word_1_40' title='bbox 640 598 801 662; x_wconf 78' lang='lat' dir='ltr'><strong>littoribus.</strong></span> <span class='ocrx_word' id='word_1_41' title='bbox 815 609 959 676; x_wconf 82' lang='lat' dir='ltr'>praetore</span> <span class='ocrx_word' id='word_1_42' title='bbox 969 601 1098 664; x_wconf 84' lang='lat' dir='ltr'>dimisso</span> 
     </span>
     <span class='ocr_line' id='line_1_6' title="bbox 119 681 1099 760; baseline 0.002 -15"><span class='ocrx_word' id='word_1_43' title='bbox 119 683 229 745; x_wconf 88' lang='lat' dir='ltr'>consul</span> <span class='ocrx_word' id='word_1_44' title='bbox 249 687 436 744; x_wconf 87' lang='lat' dir='ltr'>menstruum</span> <span class='ocrx_word' id='word_1_45' title='bbox 450 681 536 744; x_wconf 75' lang='lat' dir='ltr'>basso</span> <span class='ocrx_word' id='word_1_46' title='bbox 551 683 644 743; x_wconf 87' lang='lat' dir='ltr'>milite</span> <span class='ocrx_word' id='word_1_47' title='bbox 659 698 766 744; x_wconf 85' lang='lat' dir='ltr'>secum</span> <span class='ocrx_word' id='word_1_48' title='bbox 778 685 859 744; x_wconf 83' lang='lat' dir='ltr'>ferre</span> <span class='ocrx_word' id='word_1_49' title='bbox 873 686 1031 760; x_wconf 76' lang='lat' dir='ltr'>protectus</span> <span class='ocrx_word' id='word_1_50' title='bbox 1046 685 1099 746; x_wconf 84' lang='lat' dir='ltr'>dc·</span> 
     </span>
     <span class='ocr_line' id='line_1_7' title="bbox 118 766 1098 843; baseline 0 -15"><span class='ocrx_word' id='word_1_51' title='bbox 118 767 198 828; x_wconf 89' lang='lat' dir='ltr'>cimo</span> <span class='ocrx_word' id='word_1_52' title='bbox 220 772 292 841; x_wconf 85' lang='lat' dir='ltr'>post</span> <span class='ocrx_word' id='word_1_53' title='bbox 313 766 365 826; x_wconf 93' lang='lat' dir='ltr'>die</span> <span class='ocrx_word' id='word_1_54' title='bbox 384 778 475 842; x_wconf 87' lang='lat' dir='ltr'>quam</span> <span class='ocrx_word' id='word_1_55' title='bbox 490 767 658 828; x_wconf 79' lang='lat' dir='ltr'>exercitum</span> <span class='ocrx_word' id='word_1_56' title='bbox 671 771 847 843; x_wconf 84' lang='lat' dir='ltr'>acceperat,</span> <span class='ocrx_word' id='word_1_57' title='bbox 870 775 972 829; x_wconf 87' lang='lat' dir='ltr'>castra</span> <span class='ocrx_word' id='word_1_58' title='bbox 986 769 1098 840; x_wconf 66' lang='lat' dir='ltr'>morib</span> 
     </span>
     <span class='ocr_line' id='line_1_8' title="bbox 118 848 1098 924; baseline 0.002 -14"><span class='ocrx_word' id='word_1_59' title='bbox 118 850 256 912; x_wconf 86' lang='lat' dir='ltr'>etunius</span> <span class='ocrx_word' id='word_1_60' title='bbox 271 848 332 909; x_wconf 91' lang='lat' dir='ltr'>diei</span> <span class='ocrx_word' id='word_1_61' title='bbox 346 865 532 924; x_wconf 72' lang='lat' dir='ltr'>progressus</span> <span class='ocrx_word' id='word_1_62' title='bbox 547 851 604 910; x_wconf 85' lang='lat' dir='ltr'>iter</span> <span class='ocrx_word' id='word_1_63' title='bbox 618 849 802 912; x_wconf 88' lang='lat' dir='ltr'>convocatis·</span> <span class='ocrx_word' id='word_1_64' title='bbox 811 849 951 912; x_wconf 83' lang='lat' dir='ltr'>itinerum</span> <span class='ocrx_word' id='word_1_65' title='bbox 967 849 1098 912; x_wconf 89' lang='lat' dir='ltr'>ducibus</span> 
     </span>
     <span class='ocr_line' id='line_1_9' title="bbox 118 932 1099 1011; baseline 0.002 -17"><span class='ocrx_word' id='word_1_66' title='bbox 118 950 188 996; x_wconf 82' lang='lat' dir='ltr'>omn</span> <span class='ocrx_word' id='word_1_67' title='bbox 203 939 395 1009; x_wconf 75' lang='lat' dir='ltr'><strong>exponerent</strong></span> <span class='ocrx_word' id='word_1_68' title='bbox 408 934 443 992; x_wconf 84' lang='lat' dir='ltr'>in</span> <span class='ocrx_word' id='word_1_69' title='bbox 455 934 583 995; x_wconf 90' lang='lat' dir='ltr'>consilio</span> <span class='ocrx_word' id='word_1_70' title='bbox 598 932 751 1008; x_wconf 84' lang='lat' dir='ltr'>iussisset,</span> <span class='ocrx_word' id='word_1_71' title='bbox 767 950 829 1009; x_wconf 83' lang='lat' dir='ltr'>que</span> <span class='ocrx_word' id='word_1_72' title='bbox 844 935 981 1011; x_wconf 81' lang='lat' dir='ltr'>quisque</span> <span class='ocrx_word' id='word_1_73' title='bbox 991 934 1099 996; x_wconf 90' lang='lat' dir='ltr'>ductu·</span> 
     </span>
     <span class='ocr_line' id='line_1_10' title="bbox 117 1017 1100 1094; baseline 0.002 -18"><span class='ocrx_word' id='word_1_74' title='bbox 117 1034 173 1078; x_wconf 91' lang='lat' dir='ltr'>rus</span> <span class='ocrx_word' id='word_1_75' title='bbox 188 1025 281 1090; x_wconf 78' lang='lat' dir='ltr'>esset,</span> <span class='ocrx_word' id='word_1_76' title='bbox 303 1017 460 1078; x_wconf 79' lang='lat' dir='ltr'>semmoth</span> <span class='ocrx_word' id='word_1_77' title='bbox 475 1017 513 1078; x_wconf 87' lang='lat' dir='ltr'>iis</span> <span class='ocrx_word' id='word_1_78' title='bbox 528 1033 620 1093; x_wconf 86' lang='lat' dir='ltr'>quam</span> <span class='ocrx_word' id='word_1_79' title='bbox 634 1017 827 1092; x_wconf 82' lang='lat' dir='ltr'>potissimum</span> <span class='ocrx_word' id='word_1_80' title='bbox 840 1023 967 1094; x_wconf 80' lang='lat' dir='ltr'>peteret,</span> <span class='ocrx_word' id='word_1_81' title='bbox 987 1018 1100 1080; x_wconf 76' lang='lat' dir='ltr'>muniit</span> 
     </span>
     <span class='ocr_line' id='line_1_11' title="bbox 118 1099 1099 1176; baseline -0.001 -15"><span class='ocrx_word' id='word_1_82' title='bbox 118 1101 160 1161; x_wconf 83' lang='lat' dir='ltr'>ad</span> <span class='ocrx_word' id='word_1_83' title='bbox 180 1100 357 1162; x_wconf 65' lang='lat' dir='ltr'>condlittm</span> <span class='ocrx_word' id='word_1_84' title='bbox 380 1100 448 1161; x_wconf 84' lang='lat' dir='ltr'>aliis</span> <span class='ocrx_word' id='word_1_85' title='bbox 469 1115 525 1175; x_wconf 84' lang='lat' dir='ltr'>per</span> <span class='ocrx_word' id='word_1_86' title='bbox 543 1099 684 1176; x_wconf 86' lang='lat' dir='ltr'>Pythium</span> <span class='ocrx_word' id='word_1_87' title='bbox 705 1100 847 1176; x_wconf 87' lang='lat' dir='ltr'>placebat</span> <span class='ocrx_word' id='word_1_88' title='bbox 865 1101 930 1176; x_wconf 83' lang='lat' dir='ltr'>vla,</span> <span class='ocrx_word' id='word_1_89' title='bbox 954 1101 1021 1161; x_wconf 89' lang='lat' dir='ltr'>aliis</span> <span class='ocrx_word' id='word_1_90' title='bbox 1044 1115 1099 1176; x_wconf 89' lang='lat' dir='ltr'>per</span> 
     </span>
     <span class='ocr_line' id='line_1_12' title="bbox 119 1183 1097 1259; baseline 0 -15"><span class='ocrx_word' id='word_1_91' title='bbox 119 1183 305 1248; x_wconf 78' lang='lat' dir='ltr'>Cambunios</span> <span class='ocrx_word' id='word_1_92' title='bbox 324 1191 459 1258; x_wconf 84' lang='lat' dir='ltr'>montes,</span> <span class='ocrx_word' id='word_1_93' title='bbox 486 1199 547 1259; x_wconf 85' lang='lat' dir='ltr'>qua</span> <span class='ocrx_word' id='word_1_94' title='bbox 567 1183 671 1259; x_wconf 85' lang='lat' dir='ltr'>priore</span> <span class='ocrx_word' id='word_1_95' title='bbox 690 1197 772 1244; x_wconf 86' lang='lat' dir='ltr'>anno</span> <span class='ocrx_word' id='word_1_96' title='bbox 798 1184 930 1245; x_wconf 74' lang='lat' dir='ltr'>dusmat</span> <span class='ocrx_word' id='word_1_97' title='bbox 948 1183 1097 1245; x_wconf 82' lang='lat' dir='ltr'>Hosdlius</span> 
     </span>
     <span class='ocr_line' id='line_1_13' title="bbox 118 1267 1098 1342; baseline -0.002 -14"><span class='ocrx_word' id='word_1_98' title='bbox 118 1268 243 1342; x_wconf 87' lang='lat' dir='ltr'>consul,</span> <span class='ocrx_word' id='word_1_99' title='bbox 271 1267 338 1327; x_wconf 85' lang='lat' dir='ltr'>aliis</span> <span class='ocrx_word' id='word_1_100' title='bbox 366 1274 486 1341; x_wconf 89' lang='lat' dir='ltr'>praeter</span> <span class='ocrx_word' id='word_1_101' title='bbox 506 1267 688 1328; x_wconf 65' lang='lat' dir='ltr'>Ascuridem</span> <span class='ocrx_word' id='word_1_102' title='bbox 708 1267 860 1342; x_wconf 78' lang='lat' dir='ltr'>paludem.</span> <span class='ocrx_word' id='word_1_103' title='bbox 888 1267 1024 1328; x_wconf 85' lang='lat' dir='ltr'>restabat</span> <span class='ocrx_word' id='word_1_104' title='bbox 1044 1267 1098 1326; x_wconf 88' lang='lat' dir='ltr'>ali·</span> 
     </span>
     <span class='ocr_line' id='line_1_14' title="bbox 119 1350 1098 1426; baseline -0.003 -14"><span class='ocrx_word' id='word_1_105' title='bbox 119 1359 265 1426; x_wconf 86' lang='lat' dir='ltr'>quantum</span> <span class='ocrx_word' id='word_1_106' title='bbox 278 1350 347 1411; x_wconf 86' lang='lat' dir='ltr'>viae</span> <span class='ocrx_word' id='word_1_107' title='bbox 363 1351 548 1411; x_wconf 72' lang='lat' dir='ltr'>communior</span> <span class='ocrx_word' id='word_1_108' title='bbox 564 1351 713 1424; x_wconf 79' lang='lat' dir='ltr'>inaquam</span> <span class='ocrx_word' id='word_1_109' title='bbox 726 1351 759 1410; x_wconf 93' lang='lat' dir='ltr'>id</span> <span class='ocrx_word' id='word_1_110' title='bbox 772 1357 904 1426; x_wconf 85' lang='lat' dir='ltr'>ternpus,</span> <span class='ocrx_word' id='word_1_111' title='bbox 922 1366 983 1426; x_wconf 87' lang='lat' dir='ltr'>quo</span> <span class='ocrx_word' id='word_1_112' title='bbox 998 1364 1098 1426; x_wconf 89' lang='lat' dir='ltr'>propa</span> 
     </span>
     <span class='ocr_line' id='line_1_15' title="bbox 118 1433 1098 1509; baseline -0.003 -14"><span class='ocrx_word' id='word_1_113' title='bbox 118 1435 282 1496; x_wconf 88' lang='lat' dir='ltr'>divortium</span> <span class='ocrx_word' id='word_1_114' title='bbox 295 1434 435 1494; x_wconf 77' lang='lat' dir='ltr'>idnerurn</span> <span class='ocrx_word' id='word_1_115' title='bbox 449 1441 551 1494; x_wconf 87' lang='lat' dir='ltr'>castra</span> <span class='ocrx_word' id='word_1_116' title='bbox 570 1433 700 1509; x_wconf 85' lang='lat' dir='ltr'>posituri</span> <span class='ocrx_word' id='word_1_117' title='bbox 715 1440 815 1508; x_wconf 85' lang='lat' dir='ltr'>erant,</span> <span class='ocrx_word' id='word_1_118' title='bbox 839 1433 1021 1494; x_wconf 86' lang='lat' dir='ltr'>deliberatio</span> <span class='ocrx_word' id='word_1_119' title='bbox 1032 1434 1098 1492; x_wconf 85' lang='lat' dir='ltr'>eius</span> 
     </span>
     <span class='ocr_line' id='line_1_16' title="bbox 117 1515 1097 1592; baseline -0.002 -14"><span class='ocrx_word' id='word_1_120' title='bbox 117 1518 163 1578; x_wconf 87' lang='lat' dir='ltr'>rei</span> <span class='ocrx_word' id='word_1_121' title='bbox 184 1516 332 1578; x_wconf 79' lang='lat' dir='ltr'>differtur.</span> <span class='ocrx_word' id='word_1_122' title='bbox 353 1516 384 1577; x_wconf 92' lang='lat' dir='ltr'>in</span> <span class='ocrx_word' id='word_1_123' title='bbox 398 1517 612 1576; x_wconf 78' lang='lat' dir='ltr'>Perrhaebiam</span> <span class='ocrx_word' id='word_1_124' title='bbox 627 1516 702 1576; x_wconf 82' lang='lat' dir='ltr'>inde</span> <span class='ocrx_word' id='word_1_125' title='bbox 713 1515 806 1592; x_wconf 82' lang='lat' dir='ltr'>ducit,</span> <span class='ocrx_word' id='word_1_126' title='bbox 826 1522 857 1576; x_wconf 86' lang='lat' dir='ltr'>et</span> <span class='ocrx_word' id='word_1_127' title='bbox 870 1517 948 1577; x_wconf 86' lang='lat' dir='ltr'>inter</span> <span class='ocrx_word' id='word_1_128' title='bbox 962 1519 1097 1577; x_wconf 73' lang='lat' dir='ltr'>anorum</span> 
     </span>
     <span class='ocr_line' id='line_1_17' title="bbox 117 1598 1102 1676; baseline -0.004 -14"><span class='ocrx_word' id='word_1_129' title='bbox 117 1608 150 1662; x_wconf 90' lang='lat' dir='ltr'>et</span> <span class='ocrx_word' id='word_1_130' title='bbox 168 1600 317 1663; x_wconf 80' lang='lat' dir='ltr'>Dolichen</span> <span class='ocrx_word' id='word_1_131' title='bbox 338 1601 449 1662; x_wconf 84' lang='lat' dir='ltr'>stativa</span> <span class='ocrx_word' id='word_1_132' title='bbox 462 1598 569 1660; x_wconf 88' lang='lat' dir='ltr'>hebuit</span> <span class='ocrx_word' id='word_1_133' title='bbox 588 1601 628 1660; x_wconf 88' lang='lat' dir='ltr'>ad</span> <span class='ocrx_word' id='word_1_134' title='bbox 644 1599 867 1661; x_wconf 83' lang='lat' dir='ltr'>consulendum</span> <span class='ocrx_word' id='word_1_135' title='bbox 880 1611 991 1661; x_wconf 87' lang='lat' dir='ltr'>rursus</span> <span class='ocrx_word' id='word_1_136' title='bbox 1005 1615 1102 1676; x_wconf 84' lang='lat' dir='ltr'>quam·</span> 
     </span>
     <span class='ocr_line' id='line_1_18' title="bbox 119 1683 1095 1762; baseline -0.002 -16"><span class='ocrx_word' id='word_1_137' title='bbox 119 1684 312 1760; x_wconf 88' lang='lat' dir='ltr'>potissimum</span> <span class='ocrx_word' id='word_1_138' title='bbox 333 1692 512 1762; x_wconf 77' lang='lat' dir='ltr'>capesseret</span> <span class='ocrx_word' id='word_1_139' title='bbox 529 1683 620 1744; x_wconf 86' lang='lat' dir='ltr'>viam.</span> <span class='ocrx_word' id='word_1_140' title='bbox 644 1699 700 1758; x_wconf 91' lang='lat' dir='ltr'>per</span> <span class='ocrx_word' id='word_1_141' title='bbox 720 1684 848 1744; x_wconf 88' lang='lat' dir='ltr'>eosdent</span> <span class='ocrx_word' id='word_1_142' title='bbox 867 1683 935 1745; x_wconf 89' lang='lat' dir='ltr'>dies</span> <span class='ocrx_word' id='word_1_143' title='bbox 954 1683 1095 1756; x_wconf 83' lang='lat' dir='ltr'>Perseus,</span> 
     </span>
     <span class='ocr_line' id='line_1_19' title="bbox 118 1767 1099 1843; baseline -0.002 -15"><span class='ocrx_word' id='word_1_144' title='bbox 118 1784 189 1829; x_wconf 91' lang='lat' dir='ltr'>eum</span> <span class='ocrx_word' id='word_1_145' title='bbox 214 1768 463 1843; x_wconf 77' lang='lat' dir='ltr'>appropinquare</span> <span class='ocrx_word' id='word_1_146' title='bbox 483 1767 603 1828; x_wconf 89' lang='lat' dir='ltr'>hostem</span> <span class='ocrx_word' id='word_1_147' title='bbox 624 1767 731 1842; x_wconf 84' lang='lat' dir='ltr'>sciret,</span> <span class='ocrx_word' id='word_1_148' title='bbox 758 1767 843 1841; x_wconf 86' lang='lat' dir='ltr'>quod</span> <span class='ocrx_word' id='word_1_149' title='bbox 869 1767 927 1827; x_wconf 85' lang='lat' dir='ltr'>iter</span> <span class='ocrx_word' id='word_1_150' title='bbox 947 1767 1099 1842; x_wconf 87' lang='lat' dir='ltr'>petiturus</span> 
     </span>
     <span class='ocr_line' id='line_1_20' title="bbox 119 1845 1096 1926; baseline -0.002 -14"><span class='ocrx_word' id='word_1_151' title='bbox 119 1859 206 1914; x_wconf 89' lang='lat' dir='ltr'>esset</span> <span class='ocrx_word' id='word_1_152' title='bbox 219 1851 354 1926; x_wconf 77' lang='lat' dir='ltr'>ignarus,</span> <span class='ocrx_word' id='word_1_153' title='bbox 370 1865 477 1912; x_wconf 85' lang='lat' dir='ltr'>ornnes</span> <span class='ocrx_word' id='word_1_154' title='bbox 493 1851 589 1911; x_wconf 87' lang='lat' dir='ltr'>saltus</span> <span class='ocrx_word' id='word_1_155' title='bbox 604 1849 739 1910; x_wconf 81' lang='lat' dir='ltr'>insidere</span> <span class='ocrx_word' id='word_1_156' title='bbox 754 1845 916 1925; x_wconf 85' lang='lat' dir='ltr'>praesidiis</span> <span class='ocrx_word' id='word_1_157' title='bbox 931 1851 1044 1910; x_wconf 86' lang='lat' dir='ltr'>statuit.</span> <span class='ocrx_word' id='word_1_158' title='bbox 1065 1849 1096 1909; x_wconf 94' lang='lat' dir='ltr'>in</span> 
     </span>
     <span class='ocr_line' id='line_1_21' title="bbox 118 1932 1099 2011; baseline -0.005 -14"><span class='ocrx_word' id='word_1_159' title='bbox 118 1934 225 2011; x_wconf 78' lang='lat' dir='ltr'>iugum</span> <span class='ocrx_word' id='word_1_160' title='bbox 246 1932 481 1998; x_wconf 78' lang='lat' dir='ltr'>Cambuniorum</span> <span class='ocrx_word' id='word_1_161' title='bbox 500 1933 645 1995; x_wconf 80' lang='lat' dir='ltr'>mondum</span> <span class='ocrx_word' id='word_1_162' title='bbox 668 1961 700 1978; x_wconf 38' lang='lat' dir='ltr'>-s</span> <span class='ocrx_word' id='word_1_163' title='bbox 725 1933 898 1994; x_wconf 80' lang='lat' dir='ltr'>Volustana</span> <span class='ocrx_word' id='word_1_164' title='bbox 911 1933 971 2010; x_wconf 88' lang='lat' dir='ltr'>ipsi</span> <span class='ocrx_word' id='word_1_165' title='bbox 986 1940 1099 1994; x_wconf 84' lang='lat' dir='ltr'>vocant</span> 
     </span>
     <span class='ocr_line' id='line_1_22' title="bbox 120 2016 1098 2079; baseline -0.002 -1"><span class='ocrx_word' id='word_1_166' title='bbox 120 2051 160 2064; x_wconf 90' lang='lat'>-</span> <span class='ocrx_word' id='word_1_167' title='bbox 183 2018 291 2078; x_wconf 87' lang='lat' dir='ltr'>decem</span> <span class='ocrx_word' id='word_1_168' title='bbox 311 2019 397 2079; x_wconf 73' lang='lat' dir='ltr'>milior</span> <span class='ocrx_word' id='word_1_169' title='bbox 413 2018 492 2079; x_wconf 81' lang='lat' dir='ltr'>ieris</span> <span class='ocrx_word' id='word_1_170' title='bbox 518 2023 687 2078; x_wconf 58' lang='lat' dir='ltr'>amaturae</span> <span class='ocrx_word' id='word_1_171' title='bbox 707 2016 852 2078; x_wconf 79' lang='lat' dir='ltr'>iuvenum</span> <span class='ocrx_word' id='word_1_172' title='bbox 867 2029 934 2077; x_wconf 90' lang='lat' dir='ltr'>cum</span> <span class='ocrx_word' id='word_1_173' title='bbox 957 2017 1036 2078; x_wconf 87' lang='lat' dir='ltr'>duce</span> <span class='ocrx_word' id='word_1_174' title='bbox 1056 2018 1098 2076; x_wconf 85' lang='lat' dir='ltr'>A·</span> 
     </span>
     <span class='ocr_line' id='line_1_23' title="bbox 120 2099 1122 2179; baseline -0.006 -15"><span class='ocrx_word' id='word_1_175' title='bbox 120 2101 431 2177; x_wconf 69' lang='lat' dir='ltr'>selepiodotounittita</span> <span class='ocrx_word' id='word_1_176' title='bbox 455 2101 495 2160; x_wconf 87' lang='lat' dir='ltr'>ad</span> <span class='ocrx_word' id='word_1_177' title='bbox 515 2102 675 2162; x_wconf 87' lang='lat' dir='ltr'>castellum</span> <span class='ocrx_word' id='word_1_178' title='bbox 695 2099 780 2174; x_wconf 80' lang='lat' dir='ltr'>quod-</span> <span class='ocrx_word' id='word_1_179' title='bbox 799 2113 894 2176; x_wconf 89' lang='lat' dir='ltr'>super</span> <span class='ocrx_word' id='word_1_180' title='bbox 914 2100 1097 2179; x_wconf 79' lang='lat' dir='ltr'>Ascuridem</span> <span class='ocrx_word' id='word_1_181' title='bbox 1119 2152 1122 2157; x_wconf 92' lang='lat'>.</span> 
     </span>
     <span class='ocr_line' id='line_1_24' title="bbox 120 2181 1097 2266; baseline -0.005 -20"><span class='ocrx_word' id='word_1_182' title='bbox 120 2184 266 2266; x_wconf 83' lang='lat' dir='ltr'>paludem</span> <span class='ocrx_word' id='word_1_183' title='bbox 287 2191 353 2246; x_wconf 87' lang='lat' dir='ltr'>erat</span> <span class='ocrx_word' id='word_1_184' title='bbox 371 2215 414 2230; x_wconf 90' lang='lat'><em>-</em></span> <span class='ocrx_word' id='word_1_185' title='bbox 433 2184 589 2260; x_wconf 76' lang='lat' dir='ltr'>Lapathus</span> <span class='ocrx_word' id='word_1_186' title='bbox 609 2190 740 2244; x_wconf 74' lang='lat' dir='ltr'>vocatur</span> <span class='ocrx_word' id='word_1_187' title='bbox 751 2184 842 2244; x_wconf 76' lang='lat' dir='ltr'>mous</span> <span class='ocrx_word' id='word_1_188' title='bbox 852 2209 895 2226; x_wconf 59' lang='grc' dir='ltr'>-ω</span> <span class='ocrx_word' id='word_1_189' title='bbox 909 2181 1039 2258; x_wconf 87' lang='lat' dir='ltr'>Hippios</span> <span class='ocrx_word' id='word_1_190' title='bbox 1054 2189 1097 2242; x_wconf 84' lang='lat' dir='ltr'>te·</span> 
     </span>
     <span class='ocr_line' id='line_1_25' title="bbox 120 2265 1097 2341; baseline -0.007 -11"><span class='ocrx_word' id='word_1_191' title='bbox 120 2283 195 2330; x_wconf 92' lang='lat' dir='ltr'>uere</span> <span class='ocrx_word' id='word_1_192' title='bbox 210 2269 319 2330; x_wconf 84' lang='lat' dir='ltr'>saltum</span> <span class='ocrx_word' id='word_1_193' title='bbox 334 2281 406 2330; x_wconf 78' lang='lat' dir='ltr'>cumr</span> <span class='ocrx_word' id='word_1_194' title='bbox 419 2267 581 2328; x_wconf 90' lang='lat' dir='ltr'>duodecim</span> <span class='ocrx_word' id='word_1_195' title='bbox 595 2266 711 2327; x_wconf 88' lang='lat' dir='ltr'>milium</span> <span class='ocrx_word' id='word_1_196' title='bbox 724 2265 926 2326; x_wconf 80' lang='lat' dir='ltr'>Macedonum</span> <span class='ocrx_word' id='word_1_197' title='bbox 941 2265 1097 2341; x_wconf 87' lang='lat' dir='ltr'>praesidio</span> 
     </span>
     <span class='ocr_line' id='line_1_26' title="bbox 119 2349 1103 2428; baseline -0.005 -14"><span class='ocrx_word' id='word_1_198' title='bbox 119 2352 236 2414; x_wconf 90' lang='lat' dir='ltr'>iussus.</span> <span class='ocrx_word' id='word_1_199' title='bbox 251 2352 320 2428; x_wconf 88' lang='lat' dir='ltr'>ipse</span> <span class='ocrx_word' id='word_1_200' title='bbox 335 2365 407 2415; x_wconf 83' lang='lat' dir='ltr'>curu</span> <span class='ocrx_word' id='word_1_201' title='bbox 418 2349 544 2427; x_wconf 86' lang='lat' dir='ltr'>reliquis</span> <span class='ocrx_word' id='word_1_202' title='bbox 560 2350 659 2426; x_wconf 88' lang='lat' dir='ltr'>copiis</span> <span class='ocrx_word' id='word_1_203' title='bbox 674 2350 772 2425; x_wconf 88' lang='lat' dir='ltr'>primo</span> <span class='ocrx_word' id='word_1_204' title='bbox 789 2349 873 2410; x_wconf 75' lang='lat' dir='ltr'>eirca</span> <span class='ocrx_word' id='word_1_205' title='bbox 883 2349 973 2410; x_wconf 82' lang='lat' dir='ltr'>Dium</span> <span class='ocrx_word' id='word_1_206' title='bbox 987 2349 1103 2409; x_wconf 86' lang='lat' dir='ltr'>stativa·</span> 
     </span>
     <span class='ocr_line' id='line_1_27' title="bbox 119 2431 1098 2511; baseline -0.004 -15"><span class='ocrx_word' id='word_1_207' title='bbox 119 2437 235 2509; x_wconf 74' lang='lat' dir='ltr'>habuit,</span> <span class='ocrx_word' id='word_1_208' title='bbox 251 2435 371 2511; x_wconf 84' lang='lat' dir='ltr'>deinde,</span> <span class='ocrx_word' id='word_1_209' title='bbox 387 2435 466 2496; x_wconf 87' lang='lat' dir='ltr'>adeo</span> <span class='ocrx_word' id='word_1_210' title='bbox 480 2442 515 2496; x_wconf 90' lang='lat' dir='ltr'>ut</span> <span class='ocrx_word' id='word_1_211' title='bbox 528 2434 724 2509; x_wconf 83' lang='lat' dir='ltr'>obtorpuisse</span> <span class='ocrx_word' id='word_1_212' title='bbox 739 2433 831 2510; x_wconf 87' lang='lat' dir='ltr'>inops</span> <span class='ocrx_word' id='word_1_213' title='bbox 846 2431 966 2494; x_wconf 85' lang='lat' dir='ltr'>consilii</span> <span class='ocrx_word' id='word_1_214' title='bbox 979 2431 1098 2492; x_wconf 61' lang='lat' dir='ltr'>videre⁴</span> 
     </span>
     <span class='ocr_line' id='line_1_28' title="bbox 121 2517 1099 2596; baseline -0.005 -15"><span class='ocrx_word' id='word_1_215' title='bbox 121 2528 178 2594; x_wconf 89' lang='lat' dir='ltr'>tur,</span> <span class='ocrx_word' id='word_1_216' title='bbox 193 2535 263 2581; x_wconf 86' lang='lat' dir='ltr'>cunr</span> <span class='ocrx_word' id='word_1_217' title='bbox 277 2520 433 2596; x_wconf 87' lang='lat' dir='ltr'>equitibus</span> <span class='ocrx_word' id='word_1_218' title='bbox 447 2517 600 2594; x_wconf 72' lang='lat' dir='ltr'>expeditis</span> <span class='ocrx_word' id='word_1_219' title='bbox 613 2517 712 2578; x_wconf 89' lang='lat' dir='ltr'>littore</span> <span class='ocrx_word' id='word_1_220' title='bbox 727 2533 808 2578; x_wconf 90' lang='lat' dir='ltr'>nunc</span> <span class='ocrx_word' id='word_1_221' title='bbox 821 2517 1003 2578; x_wconf 87' lang='lat' dir='ltr'>Heracleum</span> <span class='ocrx_word' id='word_1_222' title='bbox 1016 2527 1099 2576; x_wconf 90' lang='lat' dir='ltr'>nunc</span> 
     </span>
     <span class='ocr_line' id='line_1_29' title="bbox 120 2599 1055 2683; baseline -0.004 -21"><span class='ocrx_word' id='word_1_223' title='bbox 120 2603 236 2664; x_wconf 86' lang='lat' dir='ltr'>Philam</span> <span class='ocrx_word' id='word_1_224' title='bbox 250 2602 457 2678; x_wconf 72' lang='lat' dir='ltr'>percurrebat</span> <span class='ocrx_word' id='word_1_225' title='bbox 479 2600 675 2664; x_wconf 85' lang='lat' dir='ltr'>eodeminde</span> <span class='ocrx_word' id='word_1_226' title='bbox 689 2617 783 2663; x_wconf 82' lang='lat' dir='ltr'>cmsu</span> <span class='ocrx_word' id='word_1_227' title='bbox 799 2599 888 2683; x_wconf 80' lang='lat' dir='ltr'>liitnn</span> <span class='ocrx_word' id='word_1_228' title='bbox 901 2607 1055 2677; x_wconf 84' lang='lat' dir='ltr'>repetens.</span> 
     </span>
     <span class='ocr_line' id='line_1_30' title="bbox 204 2684 1097 2754; baseline -0.001 -8"><span class='ocrx_word' id='word_1_229' title='bbox 204 2686 255 2746; x_wconf 88' lang='lat' dir='ltr'>lil.</span> <span class='ocrx_word' id='word_1_230' title='bbox 273 2686 395 2748; x_wconf 85' lang='lat' dir='ltr'>Interim</span> <span class='ocrx_word' id='word_1_231' title='bbox 416 2687 535 2747; x_wconf 84' lang='lat' dir='ltr'>consuli</span> <span class='ocrx_word' id='word_1_232' title='bbox 555 2684 705 2747; x_wconf 85' lang='lat' dir='ltr'>sententie</span> <span class='ocrx_word' id='word_1_233' title='bbox 724 2685 807 2746; x_wconf 88' lang='lat' dir='ltr'>stetit</span> <span class='ocrx_word' id='word_1_234' title='bbox 827 2697 864 2744; x_wconf 88' lang='lat' dir='ltr'>eo</span> <span class='ocrx_word' id='word_1_235' title='bbox 880 2685 960 2746; x_wconf 88' lang='lat' dir='ltr'>saltu</span> <span class='ocrx_word' id='word_1_236' title='bbox 975 2684 1097 2754; x_wconf 84' lang='lat' dir='ltr'>ducere,</span> 
     </span>
     <span class='ocr_line' id='line_1_31' title="bbox 121 2765 1098 2845; baseline -0.004 -15"><span class='ocrx_word' id='word_1_237' title='bbox 121 2767 174 2830; x_wconf 88' lang='lat' dir='ltr'>ubi</span> <span class='ocrx_word' id='word_1_238' title='bbox 194 2776 321 2845; x_wconf 84' lang='lat' dir='ltr'>propter</span> <span class='ocrx_word' id='word_1_239' title='bbox 339 2769 514 2832; x_wconf 86' lang='lat' dir='ltr'>Ottolobum</span> <span class='ocrx_word' id='word_1_240' title='bbox 534 2768 668 2830; x_wconf 77' lang='lat' dir='ltr'>diximus</span> <span class='ocrx_word' id='word_1_241' title='bbox 682 2769 765 2844; x_wconf 78' lang='lat' dir='ltr'>regis</span> <span class='ocrx_word' id='word_1_242' title='bbox 786 2775 888 2828; x_wconf 66' lang='lat' dir='ltr'>ca&#39;stra</span> <span class='ocrx_word' id='word_1_243' title='bbox 900 2765 934 2806; x_wconf 72' lang='lat'>*¹*</span> <span class='ocrx_word' id='word_1_244' title='bbox 949 2766 1098 2842; x_wconf 83' lang='lat' dir='ltr'>praemitti</span> 
     </span>
     <span class='ocr_line' id='line_1_32' title="bbox 123 2851 1097 2930; baseline -0.008 -14"><span class='ocrx_word' id='word_1_245' title='bbox 123 2863 224 2916; x_wconf 87' lang='lat' dir='ltr'>tamen</span> <span class='ocrx_word' id='word_1_246' title='bbox 239 2861 382 2930; x_wconf 88' lang='lat' dir='ltr'>quattuor</span> <span class='ocrx_word' id='word_1_247' title='bbox 396 2851 478 2913; x_wconf 90' lang='lat' dir='ltr'>milie</span> <span class='ocrx_word' id='word_1_248' title='bbox 492 2859 676 2913; x_wconf 85' lang='lat' dir='ltr'>armatorum</span> <span class='ocrx_word' id='word_1_249' title='bbox 686 2852 728 2912; x_wconf 88' lang='lat' dir='ltr'>ad</span> <span class='ocrx_word' id='word_1_250' title='bbox 742 2851 811 2911; x_wconf 87' lang='lat' dir='ltr'>loca</span> <span class='ocrx_word' id='word_1_251' title='bbox 822 2857 995 2926; x_wconf 86' lang='lat' dir='ltr'>opportuna</span> <span class='ocrx_word' id='word_1_252' title='bbox 1009 2859 1097 2926; x_wconf 87' lang='lat' dir='ltr'>prae·</span> 
     </span>
     <span class='ocr_line' id='line_1_33' title="bbox 122 2931 1098 3013; baseline -0.008 -15"><span class='ocrx_word' id='word_1_253' title='bbox 122 2933 310 3012; x_wconf 83' lang='lat' dir='ltr'>occupanda</span> <span class='ocrx_word' id='word_1_254' title='bbox 324 2936 453 3013; x_wconf 68' lang='lat' dir='ltr'>placuitt</span> <span class='ocrx_word' id='word_1_255' title='bbox 478 2937 549 3013; x_wconf 89' lang='lat' dir='ltr'>quis</span> <span class='ocrx_word' id='word_1_256' title='bbox 568 2934 736 3012; x_wconf 86' lang='lat' dir='ltr'>praepositi</span> <span class='ocrx_word' id='word_1_257' title='bbox 756 2942 826 2995; x_wconf 87' lang='lat' dir='ltr'>sunt</span> <span class='ocrx_word' id='word_1_258' title='bbox 846 2931 1047 2994; x_wconf 73' lang='lat' dir='ltr'>melanurus</span> <span class='ocrx_word' id='word_1_259' title='bbox 1064 2931 1098 3006; x_wconf 78' lang='lat' dir='ltr'>Q.</span> 
     </span>
     <span class='ocr_line' id='line_1_34' title="bbox 120 3015 1099 3092; baseline -0.005 -12"><span class='ocrx_word' id='word_1_260' title='bbox 120 3020 256 3082; x_wconf 85' lang='lat' dir='ltr'>Marcius</span> <span class='ocrx_word' id='word_1_261' title='bbox 281 3020 417 3082; x_wconf 86' lang='lat' dir='ltr'>consulis</span> <span class='ocrx_word' id='word_1_262' title='bbox 442 3018 534 3080; x_wconf 84' lang='lat' dir='ltr'>filius.</span> <span class='ocrx_word' id='word_1_263' title='bbox 566 3015 727 3080; x_wconf 74' lang='lat' dir='ltr'>confestim</span> <span class='ocrx_word' id='word_1_264' title='bbox 752 3025 784 3079; x_wconf 87' lang='lat' dir='ltr'>et</span> <span class='ocrx_word' id='word_1_265' title='bbox 802 3017 971 3080; x_wconf 77' lang='lat' dir='ltr'>uriversae·</span> <span class='ocrx_word' id='word_1_266' title='bbox 991 3016 1099 3092; x_wconf 82' lang='lat' dir='ltr'>copiae</span> 
     </span>
     <span class='ocr_line' id='line_1_35' title="bbox 122 3101 1099 3178; baseline -0.004 -14"><span class='ocrx_word' id='word_1_267' title='bbox 122 3103 339 3178; x_wconf 83' lang='lat' dir='ltr'>sequebantur.</span> <span class='ocrx_word' id='word_1_268' title='bbox 359 3111 493 3164; x_wconf 86' lang='lat' dir='ltr'>ceterum</span> <span class='ocrx_word' id='word_1_269' title='bbox 505 3103 584 3164; x_wconf 89' lang='lat' dir='ltr'>adeo</span> <span class='ocrx_word' id='word_1_270' title='bbox 596 3101 857 3177; x_wconf 79' lang='lat' dir='ltr'>arduaetaspera</span> <span class='ocrx_word' id='word_1_271' title='bbox 871 3109 903 3162; x_wconf 94' lang='lat' dir='ltr'>et</span> <span class='ocrx_word' id='word_1_272' title='bbox 915 3101 1099 3176; x_wconf 77' lang='lat' dir='ltr'>confragosa</span> 
     </span>
     <span class='ocr_line' id='line_1_36' title="bbox 123 3183 1100 3262; baseline -0.005 -16"><span class='ocrx_word' id='word_1_273' title='bbox 123 3187 174 3246; x_wconf 90' lang='lat' dir='ltr'>via</span> <span class='ocrx_word' id='word_1_274' title='bbox 196 3184 266 3260; x_wconf 87' lang='lat' dir='ltr'>luit,</span> <span class='ocrx_word' id='word_1_275' title='bbox 290 3193 324 3247; x_wconf 90' lang='lat' dir='ltr'>ut</span> <span class='ocrx_word' id='word_1_276' title='bbox 343 3185 505 3262; x_wconf 85' lang='lat' dir='ltr'>praemissi</span> <span class='ocrx_word' id='word_1_277' title='bbox 526 3183 662 3261; x_wconf 83' lang='lat' dir='ltr'>expediti</span> <span class='ocrx_word' id='word_1_278' title='bbox 680 3185 775 3246; x_wconf 88' lang='lat' dir='ltr'>biduo</span> <span class='ocrx_word' id='word_1_279' title='bbox 797 3185 971 3262; x_wconf 83' lang='lat' dir='ltr'>quindecim</span> <span class='ocrx_word' id='word_1_280' title='bbox 985 3183 1100 3244; x_wconf 90' lang='lat' dir='ltr'>milium</span> 
     </span>
     <span class='ocr_line' id='line_1_37' title="bbox 121 3265 1099 3346; baseline -0.005 -17"><span class='ocrx_word' id='word_1_281' title='bbox 121 3283 272 3346; x_wconf 88' lang='lat' dir='ltr'>passuum</span> <span class='ocrx_word' id='word_1_282' title='bbox 286 3283 378 3344; x_wconf 73' lang='lat' dir='ltr'>aegre</span> <span class='ocrx_word' id='word_1_283' title='bbox 398 3267 504 3330; x_wconf 90' lang='lat' dir='ltr'>itinere</span> <span class='ocrx_word' id='word_1_284' title='bbox 525 3269 665 3330; x_wconf 86' lang='lat' dir='ltr'>coniecto</span> <span class='ocrx_word' id='word_1_285' title='bbox 680 3276 780 3330; x_wconf 81' lang='lat' dir='ltr'>casua</span> <span class='ocrx_word' id='word_1_286' title='bbox 794 3268 953 3344; x_wconf 86' lang='lat' dir='ltr'>posuerint</span> <span class='ocrx_word' id='word_1_287' title='bbox 965 3266 1009 3326; x_wconf 81' lang='grc'>**.</span> <span class='ocrx_word' id='word_1_288' title='bbox 1030 3265 1099 3326; x_wconf 88' lang='lat' dir='ltr'>Die·</span> 
     </span>
     <span class='ocr_line' id='line_1_38' title="bbox 121 3345 1099 3428; baseline -0.007 -15"><span class='ocrx_word' id='word_1_289' title='bbox 121 3368 191 3414; x_wconf 85' lang='lat' dir='ltr'>rum</span> <span class='ocrx_word' id='word_1_290' title='bbox 213 3367 304 3428; x_wconf 90' lang='lat' dir='ltr'>quem</span> <span class='ocrx_word' id='word_1_291' title='bbox 325 3367 436 3428; x_wconf 88' lang='lat' dir='ltr'>cepere</span> <span class='ocrx_word' id='word_1_292' title='bbox 456 3351 558 3413; x_wconf 87' lang='lat' dir='ltr'>locum</span> <span class='ocrx_word' id='word_1_293' title='bbox 575 3351 740 3428; x_wconf 88' lang='lat' dir='ltr'>appellant.</span> <span class='ocrx_word' id='word_1_294' title='bbox 760 3351 832 3412; x_wconf 92' lang='lat' dir='ltr'>inde</span> <span class='ocrx_word' id='word_1_295' title='bbox 846 3357 972 3428; x_wconf 88' lang='lat' dir='ltr'>postero</span> <span class='ocrx_word' id='word_1_296' title='bbox 988 3345 1037 3409; x_wconf 90' lang='lat' dir='ltr'>die</span> <span class='ocrx_word' id='word_1_297' title='bbox 1052 3363 1099 3423; x_wconf 85' lang='lat' dir='ltr'>se-</span> 
     </span>
     <span class='ocr_line' id='line_1_39' title="bbox 122 3429 1100 3513; baseline -0.008 -15"><span class='ocrx_word' id='word_1_298' title='bbox 122 3444 206 3513; x_wconf 88' lang='lat' dir='ltr'>ptem</span> <span class='ocrx_word' id='word_1_299' title='bbox 219 3435 301 3496; x_wconf 91' lang='lat' dir='ltr'>milia</span> <span class='ocrx_word' id='word_1_300' title='bbox 314 3435 483 3512; x_wconf 76' lang='lat' dir='ltr'>progressi,</span> <span class='ocrx_word' id='word_1_301' title='bbox 496 3437 612 3497; x_wconf 89' lang='lat' dir='ltr'>tumulo</span> <span class='ocrx_word' id='word_1_302' title='bbox 626 3435 710 3496; x_wconf 87' lang='lat' dir='ltr'>haud</span> <span class='ocrx_word' id='word_1_303' title='bbox 723 3435 832 3509; x_wconf 91' lang='lat' dir='ltr'>procul</span> <span class='ocrx_word' id='word_1_304' title='bbox 846 3435 980 3496; x_wconf 79' lang='lat' dir='ltr'>hostum</span> <span class='ocrx_word' id='word_1_305' title='bbox 991 3429 1100 3492; x_wconf 78' lang='lat' dir='ltr'>caruis</span> 
     </span>
     <span class='ocr_line' id='line_1_40' title="bbox 842 3520 899 3579; baseline 0 0"><span class='ocrx_word' id='word_1_306' title='bbox 842 3520 899 3579; x_wconf 70' lang='lat'>14*</span> 
     </span>
    </p>
   </div>
   <div class='ocr_carea' id='block_1_3' title="bbox 0 0 1296 3954">
    <p class='ocr_par' dir='ltr' id='par_1_3' title="bbox 0 0 1296 3954">
     <span class='ocr_line' id='line_1_41' title="bbox 0 0 1296 3954; baseline 0 0"><span class='ocrx_word' id='word_1_307' title='bbox 0 0 1296 3954; x_wconf 95' lang='lat' dir='ltr'> </span> 
     </span>
    </p>
   </div>
  </div>
 </body>
</html>
