2598 3956
277 189 280 192 ¹
304 199 420 260 LIBER
433 199 507 260 XLI.
531 200 613 260 CAP.
629 209 656 264 9.
670 210 711 264 10.
734 207 770 275 [a.
784 208 816 260 C.
831 205 891 274 llll
1028 204 1089 271 111

111 361 141 415 et
154 352 304 428 legionem
319 367 412 413 unam
428 367 496 416 oum
511 351 664 427 equitibus
677 355 832 429 trecentis,
847 362 878 416 et
889 352 1025 438 quinque
1035 359 1086 418 mi-

111 437 151 497 lia
170 434 307 513 peditum
327 435 496 510 sociorum,
518 443 549 496 et
568 436 718 498 ducentos
740 438 960 514 quinquaginta
973 440 1090 501 mittere

110 521 231 596 equites
245 521 274 581 in
286 518 465 596 Hispaniam
480 519 625 580 eonsules
636 519 727 584 edlu.
737 520 875 585 Titinium
888 523 974 584 iussi.
990 525 1090 599 prius-

111 620 204 681 quam
225 605 371 666 oonsules
393 603 570 680 provincias
585 603 780 681 sortirentur,
801 606 942 682 prodigia
955 609 1088 670 nuntiata

110 696 197 750 sunta
217 687 350 764 lapidem
365 687 396 748 in
406 703 481 763 agro
493 686 674 750 crustimino
686 689 717 748 in
727 688 826 752 laeum
836 687 941 751 Martis
953 689 992 751 de
1004 693 1088 752 caele

110 770 279 843 oeeidisso;
293 785 422 848 puerum
435 772 534 832 trunci
547 771 687 848 corporis
698 770 730 832 in
742 787 816 848 agro
827 774 966 838 Romano
977 783 1088 850 notun,

109 863 141 916 et
153 855 387 932 quadrupedem
407 871 538 932 augurem
552 857 670 927 visurus
690 863 720 917 et
734 854 857 932 Capuae
871 857 965 918 multa
977 857 1007 917 in
1022 859 1089 919 loro

109 939 250 1000 aedilicia
269 940 308 1000 de
329 941 414 1001 caelo
434 945 528 1012 mota,
551 946 581 1000 et
594 938 727 1002 Puteolis
749 940 826 1002 duas
845 955 940 1002 naves
955 939 1089 1002 fulminis

107 1023 171 1084 ietu
185 1029 396 1085 concrematas
410 1038 491 1084 esse.
520 1023 597 1084 inter
610 1023 697 1098 haee,
712 1039 792 1100 quae
806 1024 1029 1100 nuntiobantur,
1044 1026 1090 1090 lu·

107 1119 170 1183 pus
185 1107 275 1168 etiem
289 1108 406 1168 Romae
420 1105 554 1169 interdiu
567 1108 712 1183 agitatus,
729 1123 799 1170 oum
814 1108 930 1170 Collina
942 1115 1033 1186 porta
1046 1110 1087 1170 in·

107 1199 236 1266 trasset,
267 1205 324 1267 per
347 1191 536 1266 Esquilinam
561 1204 672 1267 magrno
701 1193 940 1254 consectantium
963 1193 1090 1255 tumultu

107 1276 216 1336 evasit
231 1289 337 1336 eorum
348 1273 559 1351 prodigiorum
570 1290 666 1338 eausa
676 1279 821 1340 eonsules
830 1276 962 1338 maiores
973 1276 1090 1340 hostias

105 1359 316 1433 immolarunt,
336 1366 368 1420 et
387 1359 468 1420 diem
487 1374 581 1420 unum
600 1358 682 1421 eirea
701 1360 805 1422 omnia
824 1359 995 1437 pulvinaria
1017 1376 1089 1436 sup-

105 1441 232 1520 plicatio
257 1442 322 1504 luit.
356 1440 518 1504 saomfloiis
543 1443 600 1504 rite
624 1441 769 1519 perlectis
793 1441 969 1519 provinoias
993 1444 1089 1508 sortiti

106 1533 195 1590 sunt=
217 1523 343 1590 claudio
353 1525 476 1601 Histria,
492 1524 673 1603 Sempronio
687 1526 828 1590 Sardinia
838 1527 970 1590 obvenit
991 1528 1089 1604 legem

106 1611 180 1674 dein
201 1612 240 1672 de
261 1611 356 1674 sociis
377 1610 409 1671 c.
425 1609 570 1672 claudius
589 1611 656 1672 truit
676 1627 715 1672 err
736 1618 862 1676 senatus
883 1614 1040 1686 consulto,
1060 1618 1091 1672 et

107 1695 213 1770 edixit,
229 1693 283 1771 qui
296 1694 374 1757 sooii
388 1709 424 1756 ao
439 1693 572 1756 nominis
585 1695 691 1769 Latini,
710 1695 771 1772 ipsi
787 1697 959 1758 maioresve
974 1711 1088 1770 eorum,

105 1776 147 1840 lli.
161 1778 288 1840 claudio
297 1778 330 1838 Τ.
342 1777 481 1854 Quinctio
496 1778 678 1842 censoribus
694 1786 827 1857 postque
841 1796 879 1842 ea
890 1778 972 1856 apud
984 1780 1088 1842 socios

106 1863 241 1925 nominis
259 1861 356 1924 Latini
377 1853 464 1924 oer‘rsi
484 1870 658 1935 esserum
678 1879 786 1925 ornnes
802 1864 935 1925 insuam
957 1863 1089 1939 quisque

106 1945 259 2008 civitatem
273 1953 344 2008 eote
355 1947 425 2008 Kal
439 1946 630 2010 Novembres
643 1946 786 2012 redirent
805 1946 961 2024 quaestio,
978 1947 1031 2024 qui
1047 1947 1089 2007 ita

107 2047 170 2094 non
184 2029 348 2104 redissent,
363 2029 556 2093 nummio
572 2029 707 2108 praetori
720 2031 844 2096 decretu
856 2038 914 2094 est
935 2029 976 2092 ad
989 2032 1089 2108 legem

105 2123 137 2177 et
156 2113 289 2176 edietum
310 2114 446 2177 consulis
467 2122 592 2177 senatus
614 2115 785 2176 consultum
806 2115 958 2176 adiectum
971 2121 1034 2188 est,
1056 2121 1090 2176 ut

106 2199 246 2275 dictator,
262 2201 387 2274 consul,
403 2199 545 2274 interrex,
561 2213 687 2271 oensor,
702 2207 826 2274 praetor
840 2198 894 2276 qui
907 2204 980 2259 tuno
995 2205 1088 2271 esset,
1136 2239 1142 2254 .

105 2283 190 2359 apud
205 2299 311 2345 eorum
327 2298 419 2359 quem
433 2281 487 2357 qui
503 2281 775 2356 manumitteretur,
795 2282 827 2342 in
839 2282 1007 2344 libertatem
1021 2279 1087 2342 vin⁴

106 2367 274 2440 dicaretur,
297 2374 331 2428 ut
348 2365 559 2428 iusiurandum
579 2365 681 2438 daret,
699 2364 752 2442 qui
773 2382 842 2428 eum
857 2364 1087 2439 manumitteret,

106 2449 237 2512 civitatis
258 2452 421 2517 mutandae
441 2466 537 2512 eausa
556 2466 650 2512 manu
668 2465 731 2511 non
750 2450 883 2512 mitterer
905 2449 959 2526 qui
977 2446 1011 2510 id
1025 2463 1087 2512 non

105 2533 235 2610 iuraret,
261 2551 331 2596 eum
350 2533 619 2597 manumittendum
640 2550 702 2596 non
725 2541 924 2597 censuerunt.
957 2532 1035 2594 haee
1056 2533 1087 2592 in

106 2627 264 2695 posterum
289 2633 385 2680 eausa
407 2619 544 2695 iurisque
569 2616 662 2681 dictio
686 2617 718 2678 C.
740 2618 864 2682 Claudio
889 2617 1008 2682 oonsuli
1034 2616 1086 2678 de·

105 2707 190 2764 areta
204 2709 260 2763 est.

189 2784 227 2847 X.
249 2787 328 2848 Dum
340 2785 419 2848 iraeo
431 2786 547 2847 Romae
561 2792 717 2860 geruntur,
730 2784 772 2848 M.
785 2785 891 2848 lunius
908 2791 939 2846 et
951 2787 989 2850 A.
1001 2785 1086 2844 Man-

104 2869 181 2942 lius,
198 2871 251 2946 qui
265 2871 369 2946 priore
382 2883 462 2931 anno
478 2870 624 2931 eonsules
636 2869 771 2943 fueram,
784 2885 853 2930 cum
866 2867 1028 2946 aqmoioe
1041 2867 1085 2928 hi·

104 2954 304 3030 bernassent,
327 2953 478 3031 principio
488 2952 575 3013 ueris
591 2952 621 3013 in
639 2952 717 3017 lines
732 2952 906 3015 Histrorum
918 2950 1087 3016 exereitum

104 3038 354 3111 introduxerunt;
375 3038 429 3099 ubi
443 3053 512 3099 oum
525 3035 626 3099 effuse
639 3039 870 3115 popularentur,
884 3036 974 3099 dolor
986 3037 1088 3112 magis

105 3128 137 3183 et
150 3119 317 3197 indignatio
332 3122 422 3198 diripi
435 3137 487 3184 res
497 3137 573 3184 suas
584 3129 745 3184 cernentes
756 3121 887 3194 Histros,
900 3136 991 3200 quum
1002 3128 1086 3184 certa

105 3219 182 3282 spes
204 3205 278 3266 satis
299 3205 358 3266 sibi
381 3205 490 3268 virium
510 3205 662 3268 adversus
683 3206 763 3268 duos
786 3205 940 3268 exereitus
963 3205 1084 3267 exolvit.

106 3297 260 3352 concursu
276 3304 315 3348 ex
332 3287 472 3352 omnibus
490 3290 614 3368 populis
632 3289 795 3353 iuventutis
809 3292 890 3352 laeto
904 3288 1083 3366 repentinus

105 3379 137 3433 et
148 3371 362 3436 tumultuarius
379 3373 531 3437 exereitus
546 3375 646 3437 aeuus
663 3375 761 3451 primo
777 3375 893 3452 impetu
907 3387 999 3450 quam
1013 3385 1084 3446 per·

105 3458 298 3522 severantius
318 3455 475 3535 pugnavit.
509 3458 549 3519 ad
573 3465 717 3536 quattuor
739 3459 820 3520 milia
841 3471 946 3519 eorum
966 3456 997 3516 in
1017 3452 1083 3514 aoie
