2598 3956
197 175 259 242 lea
364 174 479 237 LlBlllt
490 173 578 236 XLll.
601 174 1014 254 CAP.39.40.[2.U.0.581]
1122 267 1125 277 Α

193 345 232 390 eo
247 328 337 402 etiam
350 326 485 388 Marcius
506 331 683 386 cunctantes
704 325 807 386 movit.
843 325 981 400 „minor“
995 323 1092 402 inquit
1107 325 1170 398 „ad

192 413 338 473 maiorem
358 415 408 470 et“
428 441 471 454 -
490 409 574 485 quod
592 408 732 484 Philippo
760 408 821 485 ipsi
850 423 1020 484 cognomen
1041 414 1109 469 erat
1125 441 1169 455 —-

191 495 291 572 „filins
307 493 347 556 ad
361 501 478 569 patrem
492 497 656 554 transeat.“
683 491 772 553 facile
787 508 969 568 persuasum
984 492 1016 552 id
1028 493 1095 568 regi
1110 499 1168 553 est.-

191 578 273 639 eliud
288 576 402 638 deinde
414 575 631 652 ambigebatur,
647 591 715 640 cunr
730 577 934 652 quammultis
946 574 1097 637 transiret.
1111 592 1169 636 rex
1290 603 1291 610 ι

190 677 259 722 cunr
275 661 357 722 omni
372 660 515 721 comitatu
527 659 657 721 transire
670 675 802 734 aequum
823 659 983 721 censebat:
1011 660 1102 735 legati
1116 661 1168 718 vel
1290 683 1291 690 ι

189 759 260 806 cum
273 743 371 804 tribus
385 744 492 804 venire
504 743 664 816 iubebant,
688 744 737 802 vel
758 743 785 802 si
806 747 922 804 tantum
937 758 1047 818 agmen
1062 743 1166 802 uadu-

188 834 285 903 eerel,
302 827 428 888 obsides
443 827 531 888 daret
544 825 617 887 nihil
632 826 748 886 lraudis
763 826 830 886 lore
850 825 880 885 in
897 825 1062 900 colloquio.
1091 825 1165 899 Hip-

187 911 270 987 pienr
285 917 315 972 et
327 909 551 984 Pantauchum,
567 923 646 984 quos
664 916 694 970 et
709 911 828 984 legatos
849 909 988 984 miserat,
1009 908 1165 984 principes

188 994 369 1069 amicorum,
386 994 512 1054 obsides
528 992 621 1053 dedit.
649 1007 707 1053 nec
727 999 788 1052 tarn
809 992 840 1052 in
862 994 973 1068 pignus
994 992 1066 1052 iidei
1082 991 1164 1051 obsi-

188 1075 245 1138 des
259 1076 424 1137 desideratl
439 1082 532 1151 erant,
547 1091 638 1150 quam
648 1081 682 1136 ut
692 1083 854 1153 appareret
864 1075 959 1138 sociis
971 1091 1166 1152 nequaquem

187 1175 228 1221 ex
243 1159 389 1235 dignitate
404 1160 471 1235 pori
493 1160 639 1234 emgredi
659 1174 762 1234 regem
784 1173 854 1222 cum
874 1158 993 1234 legatis.
1022 1159 1165 1220 salutatio

188 1256 250 1304 oon
270 1249 425 1320 umquam
445 1241 594 1316 hostium,
623 1243 682 1303 sed
701 1242 862 1318 hospitalis
881 1259 919 1304 ac
938 1241 1071 1318 benigna
1092 1242 1164 1312 luit;

188 1326 361 1402 positisque
376 1325 503 1388 sedibus
519 1327 735 1387 consederunt.
776 1325 839 1388 XLr
860 1339 928 1388 erim
949 1327 1109 1403 paulisper
1121 1326 1163 1386 si-

187 1410 313 1472 lentium
327 1409 445 1484 luisset,
460 1409 654 1486 „exspectari
664 1410 850 1486 nos“inquit
859 1409 992 1471 Marcius
1003 1408 1162 1484 „arbitron

186 1498 220 1554 ut
232 1494 476 1568 respondeamus
492 1494 600 1553 litteris
614 1495 689 1567 tuis,
705 1509 782 1570 ques
798 1493 963 1569 corcyram
983 1492 1107 1567 misisti,
1132 1493 1163 1552 in

188 1575 301 1650 qulbus
316 1577 439 1650 naamis
459 1576 533 1649 quid
558 1576 600 1635 ita
626 1576 716 1650 legati
738 1590 806 1635 oum
824 1577 967 1637 militibus
989 1577 1161 1638 venerimus

187 1666 218 1720 et
233 1658 390 1736 praesidia
409 1659 440 1717 in
461 1658 599 1734 singulas
619 1659 711 1719 urbes
736 1658 930 1720 dimittamus.
959 1659 999 1720 ad
1019 1659 1099 1720 hanc
1116 1660 1158 1719 in·

185 1740 421 1819 terrogationem
434 1748 517 1802 tuam
530 1749 561 1802 et
574 1758 636 1802 non
651 1742 843 1818 respondere
864 1759 974 1804 vereor
993 1759 1033 1803 ne
1054 1758 1161 1818 super-

166 1870 167 1873 *
186 1825 257 1886 bum
273 1825 328 1900 sit,
343 1833 373 1886 et
390 1840 464 1885 vera
484 1827 730 1902 responderene
752 1825 841 1887 nimis
863 1826 1008 1887 acerbum
1027 1825 1162 1886 audienti

186 1909 239 1969 tibi
254 1910 401 1969 videatur.
429 1909 486 1968 sed
501 1923 569 1970 curn
586 1917 637 1970 aut
650 1909 753 1969 verbis
775 1910 973 1986 castigandus
994 1917 1047 1971 aut
1067 1910 1160 1969 armis

185 1992 226 2052 sit
240 1991 293 2068 qui
306 1991 415 2052 leedus
429 1991 555 2068 rumpit,
570 1992 649 2054 sieut
661 1991 774 2053 bellurn
786 1995 938 2055 adversus
959 2000 990 2055 te
1004 1993 1055 2054 alii
1069 2009 1161 2068 quam

185 2075 257 2136 mihi
270 2075 445 2136 mandatum
459 2078 575 2151 malim,
591 2077 632 2138 ita
646 2077 792 2138 orationis
802 2078 996 2140 acerbitatem
1008 2077 1161 2140 adversus

184 2159 352 2235 hospitem,
367 2167 531 2236 utcumque
545 2166 607 2237 est,
629 2160 756 2234 subibo,
779 2162 859 2222 sieut
878 2161 1004 2235 merhoi,
1025 2176 1093 2232 eum
1109 2176 1159 2219 sa·

183 2242 255 2303 lutis
276 2258 373 2303 eausa
392 2243 526 2304 tristiora
546 2245 681 2306 remedia
702 2243 856 2306 adhibent.
889 2261 928 2306 cx
950 2261 1011 2320 quo
1033 2259 1160 2319 regnum

184 2323 315 2402 adeptus
330 2341 381 2400 es,
400 2337 491 2386 unam
506 2343 569 2386 rem
584 2335 629 2401 te,
645 2341 726 2402 quae
744 2328 887 2389 lacendo
907 2326 1010 2399 luerit,
1033 2333 1160 2388 senatus

183 2409 298 2470 iecisse
312 2418 431 2480 censet,
449 2409 534 2482 quod
554 2410 671 2484 legatos
688 2411 818 2470 Romam
838 2411 878 2478 ed
898 2410 1108 2480 renovandum
1123 2409 1158 2447 **

183 2490 298 2551 iudicat
322 2491 425 2566 potius
451 2507 542 2566 quam
567 2507 634 2552 cum
660 2500 840 2554 renovatum
861 2499 945 2554 esset
969 2492 1158 2554 violandum.

181 2571 377 2649 Abrupolim,
394 2573 510 2634 socium
530 2581 622 2649 atque
636 2577 765 2636 amicum
781 2578 885 2653 populi
900 2577 1046 2652 Bouiani,
1061 2593 1159 2652 regno

182 2657 342 2733 expulisti=
356 2657 508 2719 Artetsuri
522 2658 747 2734 interfectores,
762 2668 796 2722 ut
809 2660 920 2734 erade,
936 2676 976 2721 ne
991 2661 1066 2735 quid
1080 2663 1159 2720 ultra

183 2741 298 2815 dicam,
318 2741 459 2802 laetatum
475 2750 654 2819 appareret,
674 2743 834 2820 recepisti,
857 2745 908 2821 qui
930 2745 1065 2807 omnium
1084 2745 1157 2820 llly-

181 2825 295 2887 riorum
309 2825 491 2887 fidissimum
506 2827 645 2888 Romano
666 2827 781 2888 nomini
800 2830 937 2905 regulum
961 2827 1157 2890 occiderante

180 2920 237 2982 per
249 2908 438 2970 Thessaliam
453 2917 482 2970 et
495 2907 675 2972 lllaliensem
688 2927 794 2986 agnum
815 2928 883 2972 cunr
898 2914 1035 2974 exercite
1051 2918 1157 2973 eontra

181 2991 292 3051 foedus
306 2989 443 3068 Delphos
457 2992 521 3064 istie
537 2994 696 3070 Byzantiis
709 2995 780 3054 item
795 3003 901 3057 contra
922 2996 1034 3058 loedus
1047 2994 1157 3058 misisti

183 3072 312 3134 amula:
332 3089 400 3136 eum
421 3075 563 3151 Boeotis,
584 3077 681 3138 sociis
697 3078 826 3152 nestris,
847 3087 996 3140 secretam
1020 3077 1156 3154 tibiipsi

180 3151 366 3232 sociadem,
382 3173 474 3236 quarn
489 3175 550 3220 non
564 3159 682 3233 licebat,
696 3159 888 3224 iureiurando
908 3162 1065 3239 pepigisti:
1079 3162 1156 3224 The-

179 3240 278 3302 banos
293 3241 426 3318 legatos,
440 3242 587 3304 Euersam
602 3249 633 3304 et
646 3243 843 3321 Callicritum,
859 3247 1015 3307 venientes
1031 3245 1155 3308 anobis

181 3337 328 3400 quaerere
345 3327 425 3387 melo
441 3327 511 3403 quis
524 3327 708 3388 interfecerit
721 3343 814 3405 quom
827 3342 965 3406 arguere.
991 3332 1020 3390 in
1032 3329 1156 3392 Aetolia

179 3408 292 3471 bellum
305 3409 479 3472 intestinum
493 3417 524 3472 et
542 3410 655 3473 caedes
673 3411 844 3496 principum
859 3429 915 3491 per
932 3429 1011 3489 quos
1026 3411 1085 3474 niel
1099 3427 1155 3489 per
