2570 3952
213 192 276 256 292
400 191 515 252 LIBER
530 133 619 250 xliv.
643 189 725 249 cAP.
740 197 784 251 39.
807 195 843 262 [a.
856 195 890 248 U.
903 211 926 248 c·
938 195 1001 260 585]

218 341 431 418 triumphatum
454 355 552 415 nuper
573 339 612 401 de
626 337 766 414 Philippo
782 346 868 413 patre
882 337 973 398 huius
990 338 1072 396 etde
1087 338 1187 398 Antio·

215 428 273 487 cho
295 431 371 486 cst.“
400 423 531 485 XXXIX.
555 422 669 496 „ambo
684 422 867 498 regnabant,
892 437 961 482 cunr
982 421 1021 480 de
1036 421 1073 480 ils
1088 419 1188 482 trium-

215 511 339 586 phatum
351 516 406 568 est.
421 507 579 568 dePerseo
593 513 692 580 capto,
705 507 736 565 in
747 505 853 567 urbem
866 521 937 565 cum
946 505 1050 564 liberis
1058 504 1189 566 abducto

215 609 276 653 non
295 591 549 666 triumpliabitnrt
575 590 687 664 quodsi
706 591 737 648 in
761 605 852 650 curru
872 588 1056 650 scandentes
1073 587 1191 663 Capito·

213 677 296 750 lium,
318 684 442 737 auratos
458 681 714 750 purpuramque,
731 689 769 734 ex
784 673 928 734 inferiore
943 673 1012 732 loco
1028 671 1061 733 L.
1078 671 1191 732 Paulus

213 761 244 819 in
263 759 352 821 turba
371 767 543 834 togatorum
557 773 637 818 unus
653 758 788 832 privatus
803 756 968 830 interroget
988 755 1067 830 „‚,L.
1089 756 1188 827 Anici,

214 844 266 904 Cn.
276 843 390 916 Octavi,
402 839 886 916 utrumvosdignioresaiumpno
898 854 971 899 esse
982 853 1190 900 anmecense·

159 929 160 935 ’
214 928 325 988 tist““
346 943 468 987 currum
485 927 513 984 ei
525 925 643 986 cessuri
655 931 685 984 et
697 940 769 1000 prae
781 923 900 1000 pudore
911 922 1051 983 videntur
1061 923 1192 996 insignia

214 1011 275 1086 ipsi
296 1025 354 1070 sua
373 1009 521 1070 tradituri.
545 1013 575 1067 et
595 1024 655 1070 vos
674 1008 814 1070 Gentium
835 1022 927 1082 quam
946 1005 1060 1068 Persea
1075 1005 1145 1066 duci
1162 1008 1191 1066 in

213 1093 367 1168 triumpho
381 1092 531 1164 mavultis,
554 1091 693 1164 Quirites
710 1099 740 1152 et
754 1091 793 1152 de
808 1090 987 1151 accessione
1004 1090 1105 1164 potius
1119 1089 1191 1150 belli

215 1192 306 1252 quam
322 1177 361 1236 de
374 1175 456 1237 bello
472 1173 671 1250 triumpharit
690 1182 721 1234 et
735 1175 872 1248 legiones
884 1189 924 1233 ex
938 1173 1060 1250 illyrico
1072 1175 1192 1234 laurea·

214 1266 262 1320 tae
276 1261 383 1320 urbem
398 1258 515 1319 inibunt
525 1265 554 1318 et
569 1260 694 1321 navales
710 1258 801 1322 socii:
822 1256 1041 1318 Macedonicae
1052 1257 1191 1331 legiones

214 1360 271 1404 suo
289 1344 436 1418 abrogato
451 1341 622 1418 triumphos
638 1343 755 1404 alienos
766 1341 970 1417 spectabunt?
991 1339 1066 1415 quid
1077 1339 1191 1400 deinde

212 1435 273 1488 tam
289 1426 412 1502 opimae
427 1426 572 1501 praedae,
583 1433 645 1486 tam
660 1426 823 1501 opulentae
837 1422 983 1484 victoriae
998 1424 1106 1498 spoliis
1121 1424 1193 1484 fieta

214 1527 348 1586 quanam
369 1509 518 1569 abdentur
538 1509 588 1568 illa
608 1515 653 1568 tot
667 1509 748 1570 milia
763 1523 918 1570 armorum
931 1506 1067 1568 detracta
1081 1521 1191 1582 corpo·

211 1593 298 1653 ribus
311 1592 467 1652 hostiumr
481 1607 520 1650 an
534 1592 563 1650 ln
575 1590 786 1653 Macedoniam
801 1589 1009 1652 remittenturt
1031 1606 1091 1665 quo
1104 1591 1193 1666 signa

158 1707 160 1710 v
213 1692 314 1748 aurea,
327 1689 506 1747 marmorea,
523 1675 666 1746 eburnea,
681 1675 801 1736 tabulae
815 1675 924 1748 pictae,
936 1673 1063 1746 textilia,
1077 1681 1192 1736 tautum

213 1760 329 1836 argenti
342 1759 458 1831 caelati,
471 1765 586 1819 tanturn
597 1757 671 1830 auri,
682 1765 766 1818 tanta
776 1757 1024 1834 pecuniaregiat
1038 1773 1076 1818 an
1089 1766 1190 1831 noctu,

209 1843 369 1919 tamqnam
383 1842 503 1916 furtiva,
518 1841 548 1901 in
561 1841 710 1902 aerarium
723 1839 983 1916 deportabuntur?
1001 1840 1096 1915 quida
1118 1842 1192 1902 illud

213 1925 421 2000 spectaculum
443 1924 621 1998 niaximum,
648 1923 857 1987 nobilissimus
878 1923 1192 2000 opulentissimusque

206 2025 269 2069 rex
284 2015 403 2084 captus,
424 2007 476 2068 ubi
489 2007 598 2069 victori
614 2009 727 2082 populo
744 2009 945 2069 ostendeturt
966 2023 1046 2082 quos
1061 2006 1193 2086 Syphax

211 2107 267 2154 ren
284 2098 401 2168 captus,
419 2091 558 2152 accessio
573 2089 679 2153 Punici
690 2092 769 2164 belli,
787 2107 956 2153 concursus
968 2091 1083 2162 iecerit,
1100 2092 1191 2167 pleri·

213 2193 274 2250 que
285 2175 486 2238 meminimus.
504 2174 636 2238 Perseus
648 2191 704 2236 rex
715 2183 833 2251 captus,
845 2174 1005 2252 Philippus
1017 2175 1192 2236 etAlexan-

213 2261 268 2320 der
282 2260 336 2322 filii
349 2259 441 2334 regis,
456 2265 540 2320 tanta
554 2259 685 2333 nomina,
701 2258 1060 2343 subtrahenturcivitatis
1072 2260 1193 2320 oculis?

212 2344 316 2418 ipsum
338 2343 372 2402 L.
397 2343 537 2416 Paulum,
561 2342 609 2402 bis
635 2345 805 2415 consulem,
833 2341 1013 2404 domitorem
1035 2343 1192 2414 Graeciae,

213 2425 348 2488 omnium
361 2424 442 2486 oculi
453 2426 635 2500 conspicere
641 2425 747 2490 urbem
757 2441 847 2488 curru
856 2425 1076 2500 ingredientem
1083 2434 1192 2487 avent:

212 2507 332 2570 adhoc
355 2506 483 2571 lecimus
505 2510 678 2583 consulem,
700 2515 734 2572 ut
754 2509 865 2569 bellum
888 2525 944 2586 per
957 2509 1193 2584 quadriennium

212 2589 326 2666 ingenti
347 2589 436 2651 etiarn
459 2591 577 2666 pudore
597 2598 702 2654 nostro
723 2600 850 2653 tractum
865 2593 1035 2669 perliceret.
1059 2593 1108 2655 cui
1124 2609 1192 2653 sor-

212 2675 265 2736 tito
287 2675 491 2750 provinciam,
514 2676 563 2736 cui
577 2675 1064 2752 proficiscentipraesagientibus
1080 2676 1192 2737 animis

211 2759 369 2822 victoriam
390 2759 637 2837 triumphumque
658 2761 896 2834 destinavimus,
919 2761 948 2820 ei
965 2761 1072 2821 victori
1087 2761 1191 2821 trium-

211 2845 306 2920 phum
320 2843 481 2919 nega-turia
501 2852 531 2906 et
546 2846 670 2921 quidem
685 2861 747 2905 non
761 2844 900 2906 homines
915 2850 1028 2905 tantum
1043 2844 1100 2904 sed
1112 2845 1192 2905 deos

212 2928 308 2987 etiam
316 2942 373 2988 suo
389 2927 505 2987 honore
521 2929 709 2990 fraudaturi?
729 2927 792 2989 diis
805 2943 930 3004 quoque
945 2929 1039 3001 enim,
1060 2943 1123 2986 non
1139 2943 1192 2988 so·

211 3009 458 3072 lumhominibus
470 3010 598 3074 debetur
608 3012 788 3086 triumphus.
804 3013 938 3072 maiores
949 3011 1042 3072 vestri
1053 3011 1192 3072 omnium

212 3107 389 3166 magnarum
403 3109 503 3154 rerum
519 3101 549 3156 et
563 3094 714 3170 prinpria
729 3096 832 3155 exorsi
848 3095 885 3154 ab
901 3094 959 3155 diis
971 3102 1042 3156 sunt
1056 3101 1086 3155 et
1096 3094 1193 3156 finem

211 3181 389 3238 statuerunt.
418 3177 526 3237 consul
542 3177 743 3251 proficiscens
758 3185 919 3252 praetorve
934 3179 1086 3254 paludatis
1101 3179 1193 3238 licto·

211 3259 297 3320 ribus
317 3258 347 3318 in
371 3260 558 3334 provinciam
580 3269 610 3322 ct
629 3262 669 3322 ad
690 3261 801 3322 bellum
816 3271 888 3322 vota
902 3261 932 3322 in
948 3262 1096 3338 Capitolio
1111 3279 1193 3322 nun-

212 3349 319 3417 cupat:
343 3343 440 3403 tristor
460 3351 634 3420 perpetrato
657 3346 764 3405 eodem
785 3347 815 3408 in
837 3345 983 3420 Capitolio
997 3345 1193 3420 triumphans

212 3425 252 3485 ad
272 3426 397 3488 eosdem
420 3425 511 3502 deae,
537 3427 652 3503 quibus
667 3436 736 3488 vola
755 3430 955 3504 nuncupavit,
980 3430 1085 3490 merita
1106 3431 1194 3490 dona
