2574 3954
302 215 417 278 LIBER
427 215 530 276 Χιιιι.
549 219 632 279 cap.
647 227 693 280 ιι.
704 227 748 279 aa.
771 219 807 295 [a.
821 224 853 277 c.
866 221 929 298 ma]
1045 217 1109 284 tor

127 368 268 444 recipere
281 383 301 428 a
315 367 480 442 praesidio,
496 367 580 442 quod
595 367 638 428 ibi
647 369 851 430 Macedonum
863 343 936 445 erat,
951 387 1022 434 curn
1032 373 1109 434 mul-

127 453 167 514 tis
189 449 367 512 vulneribus
381 452 527 526 repulsus
541 450 733 530 Lychnidum
754 455 862 530 copias
881 454 1013 517 reduxit.
1037 456 1109 516 inde

126 542 199 613 post
219 535 287 596 dies
307 549 425 610 paucos
446 534 487 594 M.
508 535 690 596 trebatium
710 537 921 613 Fregellanum
942 554 1011 602 curn
1032 540 1108 601 satis

125 619 229 680 valida
242 634 335 678 mauu
356 618 387 677 in
402 617 550 680 Penestas
565 618 647 679 misit
658 621 698 682 ad
712 620 838 682 obsides
854 621 892 682 ab
908 622 956 684 his
970 623 1107 698 urbibus,

126 719 207 782 quae
232 702 262 762 in
287 702 418 763 amicitia
444 718 512 764 cum
533 702 597 763 ilde
616 712 864 782 permanserant,
890 706 1108 782 accipiendosa

126 787 298 864 procedere
320 786 409 847 etiam
429 787 460 847 in
481 785 643 848 Parthinos
657 788 734 848 -ii
750 804 876 865 quoque
891 788 1018 850 obsides
1033 791 1108 850 dare

126 871 363 948 pepigerant-
377 870 476 932 iussit.
504 872 543 931 ab
563 877 694 946 utraque
713 879 804 947 gente
825 872 892 933 sine
911 873 1041 934 tumultu
1054 889 1107 932 ex·

125 955 190 1032 igit
211 953 409 1015 Penestarum
424 954 550 1016 obsides
565 954 776 1031 Apolloniam,
796 955 1009 1018 Parthinorum
1028 957 1106 1035 Dyr·

124 1037 285 1100 rhachium
297 1044 416 1099 -tum
429 1038 592 1116 Epidamni
607 1037 705 1115 magis
719 1040 840 1101 celebre
855 1056 967 1101 nomen
980 1041 1107 1102 Graecis

126 1130 248 1185 erat-
261 1122 358 1183 missi.
382 1125 442 1199 Ap.
465 1123 608 1184 claudius
625 1129 784 1199 acceptam
798 1124 829 1184 in
843 1125 966 1203 illyrico
981 1124 1107 1201 ignomi-

126 1206 209 1268 niam
223 1206 377 1281 corrigere
392 1207 520 1282 cupiens
535 1207 712 1282 Phanotam,
731 1207 818 1284 Epiri
833 1210 1001 1282 castellum,
1017 1210 1107 1270 adcr-

125 1299 177 1353 tus
192 1304 388 1366 oppugnare,
410 1298 441 1352 et
460 1290 574 1352 auxilia
587 1290 790 1352 Athamanum
804 1291 1107 1368 Thesprotorumque

128 1382 251 1452 praeter
262 1375 434 1435 Romanum
452 1374 627 1449 exercitum,
649 1374 689 1434 ad
703 1374 857 1436 sexmilia
871 1374 1037 1450 hominum,
1059 1391 1105 1436 se-

127 1475 198 1522 cum
218 1457 363 1528 adduxit·;
383 1473 484 1534 neque
496 1473 619 1533 operae
634 1457 763 1533 pretium
781 1458 852 1518 tecit
866 1458 967 1531 claua,
991 1458 1044 1536 qui
1057 1472 1106 1518 re-

126 1545 216 1604 lictus
232 1543 377 1602 aPerseo
392 1548 471 1615 erat,
493 1557 561 1602 eum
575 1540 678 1605 valida
693 1541 848 1618 praesidio
864 1542 1058 1603 defendente.
1078 1548 1105 1605 et

126 1628 260 1688 Perseus
270 1625 417 1686 Elimeam
429 1627 595 1702 protectus,
607 1633 638 1687 et
649 1624 810 1687 circaeam
821 1625 957 1688 exercitu
968 1628 1107 1700 lustrato,

126 1711 168 1772 ad
183 1709 317 1773 Stratum
330 1710 514 1771 vocantibus
528 1709 662 1785 Epirotis
678 1709 770 1771 duait
785 1708 906 1770 Stratus
917 1709 1108 1771 validissima

126 1803 191 1856 tum
204 1795 281 1856 urbs
296 1793 435 1855 Aetoliae
450 1799 529 1854 erata
551 1792 611 1854 sita
624 1800 672 1854 est
686 1809 781 1870 super
789 1793 1022 1854 Ambracium
997 1809 1107 1867 smum,

129 1895 227 1955 prope
247 1892 367 1938 amnem
386 1877 542 1938 Inachum.
570 1892 639 1937 aum
660 1877 767 1937 decem
781 1868 903 1937 milibus
918 1877 1054 1952 peditum
1069 1891 1107 1938 ec

126 1965 285 2040 prolectas
301 1969 348 2023 est
362 1967 393 2022 et
406 1961 559 2038 equitibus
572 1961 731 2034 trecentis,
755 1963 834 2038 quos
856 1961 1020 2037 pauciores
1036 1977 1108 2036 pro

128 2054 198 2124 pter
208 2045 365 2121 angustias
377 2045 495 2105 viarum
511 2052 541 2106 et
554 2045 748 2120 asperitatem
762 2045 857 2106 duxit.
875 2042 963 2105 tertio
976 2045 1026 2105 die
1038 2061 1107 2106 eum

128 2130 323 2208 pervenisset
343 2131 383 2190 ad
404 2129 510 2190 Citium
530 2135 679 2203 montem,
700 2129 752 2189 vix
765 2128 967 2202 transgressis
982 2135 1108 2204 propter

128 2215 317 2277 altitudinem
348 2213 427 2274 nivis
452 2215 553 2275 locum
580 2228 704 2287 quoque
729 2213 837 2273 castris
865 2226 957 2285 aegre
982 2211 1106 2271 invenit.

128 2301 286 2376 proiectus
311 2297 392 2358 inde
409 2295 507 2373 magis
534 2297 607 2372 quia
627 2311 750 2356 manere
770 2311 832 2355 non
854 2301 988 2370 poterat,
1016 2310 1108 2370 quam

131 2384 215 2460 quod
230 2381 396 2444 tolerabilis
412 2388 465 2441 aut
477 2379 529 2441 via
543 2385 596 2441 aut
608 2386 777 2455 tempestas
793 2384 892 2453 esset,
909 2393 978 2440 eum
993 2377 1108 2452 ingenti

127 2466 301 2542 vexatione,
326 2466 493 2542 praecipue
508 2465 719 2536 iumentorum,
733 2465 829 2524 altero
844 2463 894 2522 die
909 2462 949 2522 ad
962 2465 1107 2538 templum

127 2552 220 2627 lovis,
234 2551 380 2612 Nicaeum
392 2565 483 2625 quem
493 2553 615 2621 vocant,
630 2548 734 2624 posuit
745 2553 854 2608 eastra.
870 2546 910 2607 ad
921 2546 1108 2607 Arachthum

127 2637 200 2697 inde
225 2634 339 2696 flumen
369 2633 475 2694 itinere
500 2632 615 2710 ingenti
629 2647 765 2693 emenso
790 2637 926 2692 retentus
950 2629 1109 2692 altitudine

129 2718 228 2780 amnis
247 2717 280 2758 **
301 2718 420 2779 mansit
452 2733 515 2795 quo
529 2715 643 2792 spatio
670 2716 816 2791 temperis
844 2720 937 2789 ponte
960 2715 1107 2790 perlecto,

129 2803 277 2866 haductis
293 2802 391 2878 copiis
407 2800 468 2862 diei
482 2816 668 2877 progressus
683 2799 740 2860 iter
755 2797 879 2860 obvium
889 2796 1108 2857 Archidamum

129 2887 300 2965 principem
320 2886 515 2959 Aetolorum,
544 2900 600 2960 per
621 2899 712 2958 quem
733 2883 771 2944 ei
781 2880 901 2942 Stratus
920 2878 1061 2940 tradebat
1048 2885 1107 2951 t,ur

128 2970 243 3033 habuit
271 2969 363 3049 XXII.
386 2984 423 3031 eo
446 2969 504 3031 die
511 2968 551 3029 ad
565 2967 657 3028 finem
673 2983 737 3042 agn
729 2965 853 3025 Aetoli
875 2970 977 3025 castra
990 2963 1107 3039 posita:

129 3055 201 3117 inde
213 3055 308 3116 altero
322 3054 371 3114 die
382 3055 422 3116 ad
434 3052 566 3114 Stratum
579 3059 775 3127 perventum,
767 3049 841 3111 ubi
852 3063 951 3124 prope
962 3046 1108 3108 Inachum

130 3153 251 3200 amnem
271 3137 379 3200 castris
400 3137 510 3214 positis
532 3151 601 3196 cum
621 3139 816 3210 exspectaret
834 3131 951 3194 effusos
967 3132 1108 3192 omnibus

130 3220 229 3299 partis
248 3219 408 3304 Aetolos
399 3237 430 3282 ιιι
449 3220 542 3281 iidem
561 3235 649 3281 suam
670 3225 830 3291 venturae,
857 3217 979 3277 clausas
1003 3221 1109 3290 portas

130 3314 225 3383 atque
244 3299 315 3380 ipsa
334 3319 372 3366 ea
390 3312 495 3378 nocte,
518 3320 579 3379 qua
599 3309 739 3376 venerat,
759 3306 917 3375 receptum
937 3301 1109 3359 Romanum

131 3389 319 3486 praesidium
340 3404 409 3450 cum
430 3388 461 3450 c.
476 3386 605 3463 Popillio
622 3383 857 3462 legatoinvenit.
886 3382 1041 3458 principes
1058 3378 1110 3454 qui

130 3471 304 3551 praesentis
324 3470 503 3534 Archidami
524 3471 702 3532 auctoritate
724 3465 876 3542 compulsi
888 3480 992 3540 regem
1007 3478 1104 3526 arces
