2592 3964
325 188 443 261 LIBER
455 188 587 250 XXXIX.
610 189 693 249 CAP.
709 199 734 251 ὁ.
747 199 773 252 6.
795 197 833 265 [ι.
844 195 875 248 O.
888 197 952 264 tat]
1103 190 1123 253 5

135 338 206 404 iore
219 344 258 401 ut
267 340 433 404 memoriae
447 356 486 401 ec
498 339 668 416 posteritati
681 340 841 403 mandetur
852 339 991 407 ciusdem
1003 340 1124 418 collegii

135 427 299 511 alterumue
310 422 579 488 duobustribunis
584 423 685 499 plebis
698 439 775 494 snas
783 423 955 485 inimicitias
965 422 1125 488 remisisse

135 507 349 584 ret-'‘pmttcac,
365 509 496 570 mmmm
505 508 666 570 alienoset
679 507 1044 573 nmrtdemsexorcuisse.
1074 507 1123 570 his

135 592 242 654 victus
265 590 517 667 castigationibus
537 590 677 654 ubuum
699 592 902 666 comtempto
923 591 1122 666 excessisset,

134 677 292 736 referente
310 674 376 736 Ser.
393 673 530 751 Sulpicio
552 681 695 751 praetore
714 673 941 750 triumphasti.
954 674 1061 738 nuum
1077 681 1125 738 est

135 759 293 820 decretus
319 758 347 820 is
362 774 433 822 cum
446 759 559 834 gratias
574 758 718 834 panibus,
730 758 920 834 conscriptis
930 759 1054 836 egisset,
1070 761 1123 819 ad-

135 843 212 906 iecit
229 843 327 906 ludos¹
342 857 473 918 magnos
492 858 528 905 se
548 842 614 905 lovi
635 841 755 918 optimo.
772 841 905 906 maximo
926 843 1034 904 codic
1061 859 1122 918 quo

134 927 340 990 Ambracium
360 927 496 1002 cepisset
519 925 664 996 uoumsec
698 926 729 986 in
750 925 1123 988 eam.remsibi.c.entu1n

138 1011 248 1085 pondo
270 1010 336 1074 ami
350 1027 369 1072 n
384 1009 556 1074 civitatibus
577 1010 736 1080 collaturus
756 1015 864 1085 peiere
876 1017 910 1072 ut
924 1023 963 1070 ex
979 1024 1018 1073 ea
1030 1019 1122 1084 pecu²

136 1095 206 1168 nis,
228 1109 326 1170 quum.
337 1094 369 1154 in
387 1093 540 1170 uiumptm
561 1095 652 1156 latam
665 1093 698 1153 in
712 1092 835 1156 aerario
852 1091 1014 1168 positurus
1030 1099 1121 1166 esset,

136 1176 169 1238 id
185 1193 297 1240 curura
310 1178 432 1240 secerni
444 1178 592 1240 iuberent.
626 1183 752 1240 sensum
766 1177 947 1252 psonliflcum
961 1176 1121 1252 collegium

137 1260 261 1322 consuli
281 1261 390 1336 iussit,
404 1277 482 1326 num
493 1277 583 1324 ornae
596 1261 629 1322 id
643 1277 751 1322 nurum
766 1261 797 1320 in
811 1259 901 1328 ludos
917 1261 1057 1322 consumi
1071 1275 1121 1320 ne-

138 1360 268 1408 cessum
291 1351 384 1406 esset.
420 1361 490 1408 cnm
513 1343 676 1420 pontifices
697 1350 867 1418 negassent
884 1344 925 1406 ad
943 1343 1123 1418 religionem

139 1425 312 1504 pertinere,
325 1435 440 1504 quanta
453 1429 593 1505 impensa
607 1427 641 1486 in
651 1427 742 1492 ludos
757 1427 858 1498 fieret,
874 1433 1000 1492 senatus
1014 1425 1122 1488 Fulvio

138 1516 287 1588 quantum
302 1511 492 1589 impenderet
505 1511 652 1588 permisit,
668 1511 741 1576 dum
755 1525 795 1573 ne
809 1509 1124 1588 summamoctogintn

137 1595 255 1657 milium
276 1596 453 1658 excedam.
482 1594 673 1670 triumphare
683 1609 794 1658 mensu.
804 1592 947 1656 Ianuario.
960 1599 1122 1658 statuerat:

139 1678 199 1749 sed
210 1693 279 1740 cunt
290 1679 430 1740 audisset
441 1678 600 1741 consulem
609 1677 653 1738 M.
662 1678 832 1750 Aemilium,
846 1677 952 1740 litteris
961 1677 1006 1740 lli
1014 1675 1122 1740 Aburii

138 1761 251 1824 tribum
265 1762 370 1837 plebis·
381 1762 520 1837 acceptis
531 1762 569 1823 de
581 1761 712 1824 remissa
723 1762 953 1834 intercessione,
969 1761 1070 1838 ipsum
1083 1759 1124 1820 ad

137 1843 372 1920 impediendum
393 1845 582 1920 alumpnum
598 1845 727 1908 Romam
751 1845 924 1909 venientem
944 1859 1074 1919 aegrum
1091 1843 1122 1906 iu

139 1928 191 1990 via
206 1927 398 2004 substitisse,
418 1945 459 1990 ue
471 1930 542 2004 ptus
557 1928 588 1990 in
603 1927 758 2004 triumpho
772 1927 972 1992 certaminum
984 1943 1076 2006 qnam
1090 1925 1122 1990 iu

139 2013 221 2072 bello
237 2011 378 2086 haberet,
399 2012 543 2096 praetulit
560 2011 703 2086 trirmphi
718 2011 808 2074 diem.
840 2011 1040 2087 triumphauit
1050 2019 1122 2074 ante

139 2095 223 2156 dictu
233 2095 387 2157 decimum
394 2095 462 2158 Kal.
474 2095 631 2156 Ianuanns
643 2096 682 2155 de
693 2095 814 2156 Aetolis
824 2103 855 2156 et
866 2097 904 2158 dn
917 2091 1120 2170 cepnaucnta.

139 2193 255 2242 aureae
269 2193 405 2242 coronae
425 2185 546 2243 centurn
560 2178 724 2242 duodecim
737 2174 842 2254 pondo
856 2185 926 2238 ante
942 2193 1066 2238 citt-rum
1078 2177 1121 2236 ta·

138 2270 189 2324 tuo
209 2269 300 2332 sunts
320 2262 437 2338 argenti
457 2261 562 2337 pondo
577 2260 659 2322 milio
674 2259 831 2336 octoginta
842 2259 916 2334 tria,
936 2259 1003 2324 auri
1016 2260 1120 2335 pondo

139 2345 274 2407 ducenta
294 2344 580 2421 quadragintatria,
602 2341 770 2407 tetrachma
784 2342 884 2406 Attica
902 2349 1022 2406 centum
1037 2349 1120 2404 octo-

140 2427 507 2504 deoimmiliaPhilippei
518 2428 631 2493 nummi
642 2424 898 2488 duodecimmilia
909 2426 1121 2502 quadringenti

139 2509 345 2586 vigintiduo,
366 2510 457 2588 signa
476 2527 575 2573 cenea
588 2510 780 2586 septingenta
801 2509 954 2588 octoginta
975 2511 1120 2586 quinque,

140 2594 230 2668 signo
243 2610 414 2656 marmorea
428 2597 559 2659 ducenta
571 2593 706 2670 triginta,
728 2609 816 2654 arma
826 2595 886 2654 tela
903 2600 1004 2654 cetera
1020 2592 1121 2668 spolia

140 2676 290 2751 hostium,
312 2693 442 2753 magnus
463 2693 622 2750 numerus,
645 2675 685 2736 ad
698 2675 759 2736 hoc
776 2678 961 2750 catapultae,
983 2677 1119 2750 balistae,

140 2767 291 2822 tormento
310 2762 412 2822 oomnis
423 2760 561 2842 generis3
584 2761 680 2820 duces
696 2767 749 2820 aut
761 2759 861 2820 Aetoli
875 2765 906 2820 et
920 2759 1119 2835 Cephallenes

139 2851 192 2904 aut
204 2843 280 2918 regii
295 2844 334 2904 ab
348 2845 499 2908 Audocho
514 2845 555 2904 ibi
570 2841 665 2905 relicti
680 2843 721 2904 nd
734 2842 839 2918 uiginti
854 2849 982 2920 septem.
1008 2843 1120 2906 multos

140 2941 179 2988 eo
193 2927 253 3002 dic,
268 2927 448 3004 priusquam
460 2929 490 2988 in
503 2929 610 2990 urbem
619 2925 823 3000 inveberetur,
838 2925 1119 2988 incircumcisum

139 3009 278 3074 tribunos
294 3014 468 3086 preelectus
483 3011 601 3086 equites
617 3009 821 3084 contritiones,
832 3009 988 3074 Romanos
1001 3010 1120 3074 socios·

141 3108 211 3168 que,
227 3094 321 3156 donis
332 3094 511 3156 militaribus
525 3093 659 3154 donavit.
693 3091 838 3154 militibus
854 3108 894 3154 cx
907 3094 1022 3172 praeda
1036 3091 1118 3154 vice-

140 3192 198 3238 nos
220 3175 333 3250 quinos
354 3178 496 3240 denarios
516 3177 634 3251 divisit,
661 3171 777 3250 duplex
799 3176 987 3250 centurioni,
1007 3177 1118 3252 triplex

139 3260 244 3336 equiti.

222 3343 277 3402 Vl.
295 3343 360 3416 ium
374 3343 579 3409 consularium
597 3343 787 3406 comitiorum
801 3345 965 3420 appetebat
979 3348 1117 3416 tempusa

140 3425 256 3502 quitus
268 3427 341 3502 quia
350 3425 390 3486 tt.
403 3427 559 3501 Aemilius,
579 3428 666 3490 cuius
680 3428 772 3490 sortis
789 3445 827 3488 ec
838 3442 912 3489 cum
922 3432 996 3500 erat,
1011 3437 1118 3484 occur-
