2592 3964
262 238 523 300 ruunxxxrx.
546 238 629 299 cnr.
645 248 689 302 rr.
700 251 745 302 1⁵.
767 247 804 314 n„
817 247 849 299 c.
862 244 925 320 uo]
1042 245 1084 308 ro

94 393 287 471 capitalibus
304 391 483 452 mandatum
496 399 553 464 est,
566 398 602 452 ut
614 389 735 466 vigilias
748 392 950 469 disponerent
963 410 1020 470 per
1033 413 1083 458 ur·

93 480 171 540 bcm
185 483 425 551 servorumque,
445 490 485 534 ne
500 475 553 550 qui
566 476 707 537 nocturni
718 483 829 538 coetus
842 477 967 547 derenl3
990 486 1086 556 utque

94 563 135 624 ab
156 559 315 622 iucundius
334 567 512 633 renuetur,
534 559 689 621 adiutores
709 561 875 624 triumviris
891 562 1085 638 quinqueuiri

95 647 140 708 uti
151 642 342 706 cisTiberim
350 641 573 718 suaequisque
585 643 721 720 regionis
732 645 881 708 aedificiis
892 657 1084 721 praeessent.

181 729 253 790 XV.
273 728 325 788 Ad
337 727 416 788 baec
429 727 533 788 officia
546 727 682 790 dimissis
695 728 924 804 magistratibus
939 733 1084 794 consmes

95 816 127 876 in
136 815 260 874 Rostra
267 813 484 886 escenderunt,
497 817 530 871 ct
538 813 684 874 comune
693 813 846 874 advocatu
856 829 925 875 cum
934 815 1085 876 sollemne

97 911 227 959 maren
247 895 450 972 precationis,
472 895 558 972 qued
573 897 721 972 preclari,
742 897 922 974 priusquam
934 900 1085 974 populum

96 983 324 1056 adloquuntur,
350 979 547 1055 magistrtus
567 982 676 1056 solent,
701 982 875 1057 peregisset
894 983 1018 1056 consul,
1043 983 1085 1044 ita

97 1065 215 1142 coepit.
241 1063 336 1140 „ntdli
351 1079 497 1138 umquem
512 1063 658 1138 ocutioni,
671 1065 813 1140 Quirites,
825 1074 889 1126 tam
905 1083 967 1128 nou
981 1067 1084 1131 sotum

97 1155 174 1226 apte
189 1149 247 1210 sed
268 1149 358 1209 etiem
377 1147 557 1208 neccssaria
575 1147 655 1210 baec
673 1150 831 1211 soliemnis
851 1150 980 1211 deorum
1001 1165 1083 1214 cour·

97 1231 333 1310 precationum,
354 1245 435 1307 quae
455 1249 513 1292 vos
533 1232 712 1294 admoneret
731 1232 790 1294 bos
804 1249 876 1294 esse
886 1234 984 1304 deos,
1002 1250 1083 1310 quos

99 1318 208 1380 colere
229 1314 374 1376 uenerari
398 1315 582 1391 precumque
605 1317 738 1378 maiores
758 1317 853 1378 vestri
871 1317 1083 1392 instituissent,

96 1417 164 1463 non
180 1401 252 1460 ilios
268 1399 321 1475 qui
330 1399 437 1474 pravis
448 1406 480 1460 el
490 1400 625 1460 externis
635 1399 835 1476 religionibus
847 1409 954 1476 captas
964 1409 1083 1463 mentes

99 1487 186 1546 vetut
200 1481 361 1545 furialibus
375 1481 505 1544 stimulis
520 1483 560 1543 ud
575 1499 665 1544 omno
676 1485 779 1544 scelus
791 1491 823 1545 et
833 1485 874 1545 ad
888 1499 1008 1544 omnem
1019 1485 1083 1545 libi-

98 1568 205 1632 dinem
227 1575 363 1642 agerent.
393 1566 536 1641 equidem
555 1583 615 1628 uec
638 1565 713 1642 quid
725 1575 845 1628 taceam
859 1583 918 1630 nec
932 1573 1084 1645 quatenus

97 1653 273 1730 proloquar
285 1647 419 1711 inuenio.
441 1651 469 1710 si
483 1651 600 1727 aliquid
613 1651 802 1726 ignorabitis,
812 1667 858 1712 ne
867 1655 970 1714 locum
980 1655 1083 1728 negle-

97 1736 224 1812 gentiae
238 1734 317 1810 dem,
331 1735 359 1794 si
373 1733 475 1794 omniu
485 1736 653 1810 nudavere,
666 1751 706 1794 ne
717 1735 840 1796 nimium
848 1737 975 1797 terroris
986 1736 1084 1799 odun-

98 1821 174 1881 dem
193 1819 300 1890 vobis,
316 1832 441 1878 vercor.
477 1818 627 1894 quidquid
649 1819 771 1893 dixero,
791 1817 892 1882 minus
913 1835 1006 1896 quem
1026 1837 1083 1896 pro

99 1903 263 1965 monitate
280 1909 312 1963 et
324 1901 537 1976 magnitudine
555 1901 601 1962 rei
621 1901 734 1962 dictrnn
751 1903 865 1964 scitote
880 1919 968 1965 esso:
997 1904 1084 1966 ulad

99 1988 277 2050 uouendum
296 1986 372 2046 satis
390 1987 445 2058 sit,
467 1984 589 2046 dabitur
603 2001 733 2062 operae
746 1986 847 2047 nobis.
879 1987 1085 2048 Baocbannlia

97 2079 166 2134 totu
189 2071 250 2130 iam
271 2068 389 2145 pridem
408 2069 495 2129 ltalia
513 2077 546 2130 et
565 2085 647 2130 nunc
664 2085 724 2145 per
741 2070 849 2132 urbem
868 2072 960 2132 cuam
980 2071 1083 2134 multis

95 2157 180 2218 locis
201 2169 290 2226 esse,
308 2169 371 2214 non
391 2153 474 2212 fama
485 2152 580 2212 ruodo
594 2155 756 2228 occepisse
769 2169 828 2213 uos
841 2155 902 2214 sed
916 2155 1083 2229 crepitibus

99 2239 193 2302 etiam
213 2235 443 2312 ululatibusque
462 2237 634 2310 nocturnis,
655 2235 710 2312 qui
727 2244 901 2312 personent
920 2245 985 2298 lota
997 2237 1083 2311 urbe,

96 2329 220 2385 curtum
238 2319 357 2389 habe03
379 2326 514 2380 cetorum
529 2334 610 2395 quae
629 2334 667 2378 ea
680 2335 732 2380 ros
750 2319 804 2392 sit,
826 2319 985 2396 ignorares
1006 2319 1084 2382 alios

99 2407 230 2468 deorum
244 2402 378 2478 aliquem
392 2403 521 2477 cultum,
541 2402 619 2464 ulios
634 2419 818 2464 muccosum
831 2404 935 2464 ludum
949 2412 981 2465 et
992 2405 1083 2466 lasci·

96 2493 184 2552 vium
203 2487 331 2548 medere
349 2502 436 2560 esse,
455 2494 488 2546 ct
505 2487 729 2562 qualecumque
748 2487 803 2561 sit,
822 2487 862 2547 ud
883 2503 1000 2563 paucos
1015 2503 1083 2562 per-

96 2574 209 2636 tinere.
244 2571 329 2648 quod
356 2569 397 2630 ad
415 2570 636 2631 multitudinem
648 2585 761 2631 corum
780 2570 901 2644 attinet,
927 2570 955 2631 si
975 2571 1082 2632 dixero

99 2659 197 2720 mutu
210 2653 293 2715 milia
305 2652 462 2714 hominum
473 2669 556 2726 esse,
569 2653 650 2714 illico
661 2668 792 2715 necesse
800 2659 851 2713 est
861 2654 1083 2729 exterreemini,

98 2740 162 2802 nisi
181 2739 354 2798 adiunxero
368 2737 423 2812 qni
443 2738 615 2812 qualesque
635 2737 703 2798 sint
731 2738 860 2812 primum
874 2736 965 2811 igitur
978 2739 1083 2799 mulie

98 2841 170 2887 rum
184 2837 296 2896 magno
309 2836 383 2897 pars
398 2829 460 2894 est,
482 2829 513 2882 et
524 2820 554 2880 is
567 2821 637 2880 sons
652 2820 722 2880 mati
736 2820 948 2890 holusculum
971 2819 1082 2881 deinde

100 2906 246 2972 simillimi
258 2903 381 2966 feminis
394 2920 512 2977 mares,
533 2903 662 2979 stuprati
676 2911 706 2965 ol
720 2912 980 2979 constupratores,
998 2903 1081 2966 iuna-

99 2992 154 3054 tioi
163 2988 286 3065 vigiliis,
296 2986 381 3060 uiuo,
394 2986 571 3064 strepitibus
579 2986 826 3064 clamoribusque
837 2987 995 3049 nocturnis
1005 2996 1081 3050 utto-

98 3075 165 3138 niti.
188 3074 288 3134 nullas
300 3069 404 3132 adhuc
418 3071 501 3132 vires
515 3071 700 3145 coniuratio,
715 3081 849 3133 cetcmm
864 3070 1083 3133 incrementum

100 3159 212 3235 ingens
234 3155 345 3217 virium
357 3155 464 3230 babet,
486 3156 572 3231 quod
587 3154 617 3214 in
632 3155 699 3216 dies
713 3157 818 3231 plures
832 3155 916 3217 fiunt.
951 3157 1083 3216 maiores

99 3241 198 3306 vostri
212 3255 254 3300 ne
265 3241 325 3300 uos
340 3239 478 3315 quidem,
492 3239 555 3300 nisi
571 3254 639 3298 oum
650 3239 876 3300 sulmmoto
891 3255 964 3298 oreo
979 3239 1081 3314 posito

101 3325 296 3389 comitiorum
310 3339 404 3383 cause
419 3324 573 3384 exercitus
585 3323 717 3384 eductus
726 3331 825 3396 osset,
847 3331 899 3382 out
913 3323 993 3396 plebi
1009 3338 1082 3382 con-

99 3410 205 3471 cilium
222 3407 334 3470 tribuni
349 3406 535 3482 edixissent,
557 3413 609 3466 aut
618 3407 732 3482 uliquis
747 3423 787 3467 ex
799 3405 1027 3480 magistratibus
1042 3404 1082 3464 ud

103 3493 279 3556 contionem
293 3499 446 3561 vocasset,
461 3493 540 3552 torte
553 3499 669 3553 lemene
681 3490 767 3552 coire
780 3491 956 3556 voluerunt;
971 3495 1002 3549 el
1016 3488 1079 3550 ubi·
