2598 3956
196 214 240 281 68
372 215 487 276 LIBER
501 215 562 274 XL.
586 213 667 274 cAP.
686 221 727 277 ro.
741 219 783 276 17.
807 215 1000 285 [suasio]

198 370 291 445 sulas,
308 383 436 445 quorum
452 365 612 444 provincia
623 373 715 440 esset,
732 381 823 442 quam
836 381 880 438 se,
897 364 971 440 quid
984 380 1002 424 e
1013 366 1186 441 republica

199 460 296 527 esset,
319 453 502 520 decernere;
524 459 587 512 tum
603 464 728 526 quoque
744 466 805 511 non
821 449 960 524 placere,
982 449 1009 509 si
1024 464 1080 524 per
1094 449 1182 510 dedi-
1287 501 1288 526 ἶ

196 539 312 598 tionem
326 535 454 622 Ligures
469 534 612 610 recipiat,
632 533 768 610 receptis
785 547 871 594 arma
884 529 1001 604 adimis
1015 539 1109 609 atque
1124 549 1185 596 eos

199 622 237 682 ad
254 621 411 690 consulem
426 619 501 680 mitti
516 626 657 680 senatum
672 632 802 694 aequum
819 632 956 686 censere.
1146 661 1148 666 ι

214 770 217 776 ,
283 703 442 765 Praetores
464 703 573 764 eodem
594 709 747 778 tempore,
768 701 800 760 P.
815 699 947 762 Manlius
961 701 992 760 in
1007 700 1183 764 ulteriorem

197 787 391 862 Hispaniam,
415 803 506 862 quam
521 794 552 847 et
565 785 668 861 priore
681 793 825 861 praetura
838 783 1027 860 provinciam
1043 784 1183 848 obtinue-
1288 773 1289 806 ³

198 879 252 944 rat,
268 871 301 946 Q.
316 870 441 932 Fulvius
455 871 584 941 Flaccus
599 869 630 929 in
644 868 815 931 citeriorem
829 869 983 944 pervenit,
999 866 1183 931 exercituru-

199 969 259 1030 que
273 971 292 1016 a
306 955 445 1015 Terentio
467 953 600 1029 accepit:
621 969 691 1013 narn
705 953 831 1014 ulterior
850 959 947 1014 morte
960 951 992 1012 P.
1009 947 1183 1027 Sempronii

200 1037 395 1110 proconsulis
417 1037 484 1098 siue
504 1036 632 1113 imperio
646 1038 754 1098 luerat
783 1035 920 1097 Fulvium
935 1035 1079 1098 Flaccum
1093 1036 1183 1112 oppi-
1289 1031 1290 1120 i

199 1121 270 1180 dum
284 1120 454 1195 Hispanum
468 1121 633 1188 Urbicuam
653 1120 776 1181 nomine
797 1127 1026 1197 oppugnantem
1041 1119 1182 1181 celtiberi
1289 1131 1290 1144 ¹

199 1204 297 1266 adorti
318 1211 397 1264 suut.
427 1203 504 1265 dura
518 1203 559 1265 ibi
577 1204 695 1281 proelia
708 1203 825 1280 aliquot
838 1205 933 1276 lacta,
955 1203 1039 1264 multi
1052 1203 1183 1265 Romani

198 1287 308 1348 milites
330 1292 361 1347 et
380 1287 528 1350 vulnerati
549 1295 579 1349 et
593 1287 740 1349 interlecti
762 1294 841 1349 sunt.
869 1286 941 1348 vicit
954 1286 1184 1362 perseverantia

197 1371 332 1446 Fulvius,
349 1371 433 1446 quod
446 1372 530 1433 nulla
542 1371 573 1432 vi
587 1370 723 1432 abstrahi
738 1371 777 1432 ab
793 1370 956 1441 obsidione
972 1371 1078 1446 potuit,
1094 1369 1182 1430 Celti·

198 1456 263 1516 beri
278 1453 354 1515 lessi
369 1455 496 1530 proeliis
509 1455 603 1516 variis
619 1456 846 1516 abscesserunt.
869 1454 943 1515 urbs
955 1462 1056 1516 amoto
1067 1452 1183 1516 auxilio

200 1554 304 1600 corum
325 1538 403 1598 intra
424 1554 543 1613 paucos
564 1539 631 1600 dies
651 1546 740 1613 capta
761 1543 792 1598 et
812 1537 930 1614 direpta
950 1543 1012 1599 est:
1037 1537 1183 1614 praedam

200 1620 343 1682 militibus
359 1628 484 1696 praetor
499 1619 662 1683 concessit.
688 1621 813 1682 Fulvius
828 1621 888 1684 hoc
903 1622 1018 1698 oppido
1035 1627 1135 1698 capto,
1149 1621 1182 1680 Ρ.

200 1704 329 1765 Manlius
350 1706 486 1765 exercitu
505 1710 620 1766 tantum
641 1704 671 1764 in
686 1721 779 1766 unum
798 1711 922 1780 coacto,
945 1703 1183 1781 quidissipatus

200 1789 307 1862 luerat,
321 1788 405 1848 nulla
419 1787 478 1848 alia
491 1787 679 1850 memorabili
690 1796 832 1865 gestare,
848 1789 1000 1851 exercitus
1012 1788 1042 1848 in
1055 1788 1184 1850 hiberna

108 1891 109 1896 ¹
200 1873 403 1934 deduxerunt.
425 1871 502 1932 hacc
513 1887 551 1932 ea
566 1877 682 1934 aestate
695 1871 727 1933 in
736 1872 886 1948 Hispania
896 1880 993 1948 gesta.
1013 1872 1183 1948 Terentius,

201 1957 252 2030 qul
268 1971 307 2015 ex
321 1969 359 2015 ea
373 1955 532 2031 provincia
545 1956 731 2031 decesserat,
747 1972 845 2019 ovans
859 1957 966 2017 urbem
980 1957 1054 2017 iniit.
1083 1963 1181 2017 haus·

199 2040 292 2101 latum
320 2038 436 2114 argenti
461 2039 566 2114 pondo
587 2055 697 2102 novem
717 2040 800 2102 milia
817 2047 953 2102 trecenta
971 2039 1092 2116 viginti,
1116 2039 1183 2099 auri

200 2123 355 2199 octoginta
369 2122 484 2198 pondo,
500 2129 531 2184 et
545 2124 625 2185 duae
638 2139 771 2186 coronae
782 2138 894 2185 aureae
906 2124 1011 2199 pondo
1022 2121 1183 2198 sexaginta

201 2214 328 2282 septem.

283 2291 377 2351 XVll.
396 2292 613 2362 Eodemanm
635 2292 712 2354 inter
732 2295 881 2369 populum
902 2289 1183 2368 carthaginiensem

199 2382 229 2435 et
242 2390 347 2450 regem
357 2374 552 2436 Masinissam
563 2377 593 2436 in
605 2391 640 2436 re
650 2377 805 2450 praesenti
817 2374 1040 2452 disceptatores
1051 2372 1194 2435 Romani⁴

199 2457 238 2518 de
258 2472 332 2532 agro
354 2459 485 2520 luerunt.
514 2466 640 2534 ceperat
659 2475 727 2521 eum
748 2461 787 2522 ab
808 2457 1107 2535 Carthaginiensibus
1125 2473 1181 2534 pa·

197 2548 244 2599 ter
257 2538 441 2602 Masinissae
453 2541 543 2612 Gala;
564 2542 670 2603 Galam
682 2543 812 2622 Syphax
826 2543 897 2605 inde
912 2543 1080 2619 expulerat,
1095 2548 1182 2617 post·

200 2641 237 2684 ea
251 2623 282 2684 in
302 2625 429 2700 gratiam
450 2625 551 2686 soceri
565 2623 766 2688 Hasdrubalis
781 2625 1082 2704 Carthaginiensibus
1097 2626 1181 2687 dono
1292 2669 1293 2698 ,

199 2708 341 2778 dederat3
372 2707 637 2785 Carthaginienses
663 2725 700 2772 co
722 2727 802 2773 anno
822 2710 989 2772 Masinissa
1012 2710 1182 2787 expulerat
1291 2731 1293 2780 t

139 2845 141 2852 ,
197 2791 279 2852 haud
294 2793 411 2854 minore
421 2793 586 2855 certamine
598 2794 776 2869 aninrorum,
795 2810 886 2871 quam
899 2810 968 2857 cum
980 2796 1061 2863 lerro
1073 2789 1104 2855 et
1114 2793 1182 2854 acie
1292 2801 1293 2808 ’

199 2875 394 2951 dimicamnt,
421 2892 473 2938 res
500 2884 567 2938 acta
592 2878 675 2954 apud
699 2878 866 2941 Romanos.
904 2876 1180 2954 Carthaginienses,

200 2959 283 3034 quod
299 2961 396 3034 primo
411 2960 559 3025 maiorum
573 2978 700 3023 suorum
715 2961 839 3038 luisset,
854 2962 966 3024 deinde
981 2962 1019 3023 ab
1035 2960 1182 3041 Syphace

198 3042 294 3101 adse
320 3042 528 3117 pervenisset,
552 3046 740 3120 repetebant.
769 3045 935 3108 Masinissa
955 3048 1072 3122 paterni
1093 3044 1180 3120 regni
1291 3049 1293 3062 ¹

199 3139 304 3199 agrum
326 3141 361 3186 se
376 3133 408 3188 et
426 3127 584 3204 recepisse
598 3136 628 3190 et
646 3126 761 3191 habere
782 3130 915 3208 gentium
932 3131 999 3192 iure
1012 3129 1127 3197 aiebam
1150 3135 1180 3188 et

200 3223 294 3268 causa
315 3216 346 3269 et
365 3212 567 3286 possessione
588 3213 779 3288 superiorem
798 3230 886 3286 essm
910 3212 983 3276 nihil
1001 3213 1082 3274 aliud
1099 3228 1133 3272 se
1148 3210 1178 3270 in

198 3307 236 3352 ea
259 3292 481 3370 disceptatione
505 3302 640 3357 metuere
665 3313 756 3373 quam
781 3313 820 3358 ne
842 3299 944 3374 pudor
963 3299 1179 3366 Romanorum,
1292 3303 1293 3382 ]

199 3375 269 3436 dum
286 3384 457 3450 vereantur,
480 3394 518 3438 ne
533 3378 608 3454 quid
625 3381 711 3442 socio
726 3389 819 3457 atquo
834 3383 932 3443 amico
947 3382 1013 3456 regi
1026 3381 1179 3440 adversus

199 3477 375 3527 communes
397 3477 472 3524 suos
495 3471 587 3541 atque
608 3463 688 3526 illius
703 3465 810 3528 hostes
825 3464 992 3527 indulsisse
1006 3463 1178 3534 videantur,
