2574 3954
187 269 262 351 aaa
304 288 418 348 ursan
433 287 534 345 xmu.
557 286 639 345 cnr.
654 295 694 346 ιο.
709 295 750 346 ιι.
773 292 809 360 [ι.
821 291 857 344 υ.
869 309 892 343 0.
905 293 965 347 sm.
980 309 1004 343 a.
1017 291 1050 342 c.
1064 291 1127 359 mo]

200 458 294 517 agros
320 440 409 500 saluti
435 436 559 510 luisset,
586 437 626 496 ad
650 435 842 512 Lychnidum
866 435 1006 510 protinus
1030 436 1182 513 reliquias

200 526 297 585 eladis
311 523 441 583 reduxit.

283 607 333 668 XI.
355 607 439 687 llaec
460 614 490 667 et
510 605 569 665 alia
582 605 665 664 haud
683 619 833 679 prospere
848 603 877 662 in
893 603 1075 665 Macedonia
1091 612 1182 678 gesta

200 708 239 752 ex
262 691 334 750 Sex.
355 689 467 764 Digitio
487 688 609 749 tribuno
624 686 758 760 militum,
783 685 835 762 qui
850 687 992 747 sacrificii
1008 704 1104 771 causa
1118 689 1181 748 Ro-

199 791 279 834 mam
292 781 426 845 venerat,
442 779 514 834 sunt
527 773 639 833 audita.
662 778 788 845 propter
803 785 882 845 quae
897 771 983 830 veriti
998 779 1117 845 patres,
1139 787 1181 832 ne

202 875 263 934 qua
277 857 373 917 maior
387 857 553 931 ignominia
567 855 767 928 acciperetur,
784 855 902 928 legatos
917 852 947 912 in
962 853 1180 914 Macedoniam

198 939 239 1001 M.
260 941 397 1001 Fulvium
416 939 559 1000 Flaccum
580 945 610 998 et
623 938 664 996 M.
686 938 842 997 Caninium
862 936 1002 998 Rebilum
1021 938 1181 1012 miserunt,

200 1025 253 1100 qui
269 1032 425 1098 comperta
441 1039 521 1098 quae
535 1031 697 1096 agerentur
707 1023 870 1088 reserrent3
893 1028 923 1080 et
936 1029 970 1081 ut
979 1023 1017 1080 A.
1028 1021 1180 1082 Hostilius

200 1109 309 1169 consul
334 1106 456 1167 comitia
479 1105 656 1167 consulibus
681 1105 887 1179 subrogandis
908 1105 950 1165 ita
970 1105 1111 1178 ediceret,
1135 1107 1180 1165 uti

200 1206 306 1251 mense
319 1191 460 1250 Ianuario
477 1188 598 1251 comitia
613 1189 718 1248 haberi
734 1196 871 1263 possent,
894 1196 924 1249 et
938 1196 971 1249 ut
986 1189 1083 1262 primo
1100 1205 1179 1263 quo·

201 1291 260 1351 que
274 1283 413 1350 tempore
427 1274 458 1333 in
472 1275 579 1334 urbem
593 1273 715 1333 rediret.
733 1270 852 1333 interim
863 1271 902 1330 Μ.
915 1271 1028 1332 Raecio
1045 1272 1179 1346 praetori

199 1359 389 1430 mandatum,
410 1367 443 1418 ut
458 1357 559 1418 edicto
573 1364 732 1416 senatores
748 1371 855 1416 omnes
870 1371 910 1414 ex
925 1363 989 1415 tota
1002 1356 1095 1428 ltalia,
1117 1355 1176 1415 nist

200 1444 251 1516 qui
266 1443 311 1501 rei
326 1441 467 1517 publicae
482 1456 577 1501 causa
597 1441 755 1510 abessent,
777 1440 905 1500 Romam
919 1447 1095 1499 revocaret:
1125 1455 1176 1515 qul
1279 1445 1281 1524 j

200 1527 316 1586 Romae
330 1533 444 1599 essent,
465 1541 504 1584 ne
522 1523 591 1597 quis
605 1525 685 1583 ultra
699 1523 780 1583 mille
794 1538 944 1597 passuum
959 1523 998 1582 ab
1012 1524 1110 1584 Roma
1124 1523 1179 1582 ab·

200 1616 293 1668 esset.
314 1623 360 1679 ea,
376 1609 419 1667 uti
434 1615 559 1668 senatus
575 1607 708 1680 censuit,
731 1613 802 1666 sunt
816 1607 904 1680 iacta,
927 1606 1050 1667 comitia
1064 1621 1179 1666 consu-

201 1693 274 1750 laria
298 1697 367 1750 ante
392 1691 472 1751 diem
499 1691 636 1766 quintum
659 1691 727 1749 Kal.
751 1688 934 1750 Februarias
961 1692 1054 1749 luere.
1084 1692 1179 1750 creati

200 1777 345 1836 consules
367 1782 438 1836 sunt
458 1775 492 1848 Q.
507 1774 640 1833 Marcius
660 1773 821 1848 Philippus
836 1774 943 1833 iterum
960 1783 990 1834 el
1005 1774 1058 1833 Cn.
1074 1772 1178 1833 Servi-

156 1857 158 1861 ’
200 1860 259 1919 lius
269 1858 391 1932 Caepio.
409 1869 480 1932 post
500 1859 580 1918 diem
594 1858 713 1918 tertium
729 1865 889 1932 praetores
905 1864 977 1918 sunt
991 1857 1062 1918 iacti
1078 1856 1179 1916 C.De-

203 1943 307 2002 simius
322 1941 361 2000 Μ.
379 1941 523 2002 Claudius
539 1941 701 2002 Marcellus
716 1942 747 2002 C.
764 1939 918 2017 Sulpicius
934 1942 1037 2002 Gallus
1054 1940 1085 2000 C.
1097 1940 1179 1999 Mar·

201 2026 266 2084 cius
286 2023 412 2099 Figulus
434 2025 499 2085 Ser.
515 2024 673 2086 Cornelius
687 2025 835 2086 Lentulus
849 2025 881 2084 P.
896 2024 1042 2086 Fonteius
1058 2023 1177 2101 capito.

200 2109 368 2183 designatis
396 2109 589 2184 praetoribus
617 2117 737 2184 praeter
765 2111 842 2170 duas
869 2111 1004 2172 urbanas
1033 2117 1179 2185 quattuor

202 2193 378 2266 provinciae
399 2201 471 2253 sunt
490 2192 640 2264 decretae,
661 2193 811 2270 Hispania
825 2201 856 2254 el
870 2192 1011 2254 Sardinia
1025 2203 1056 2254 et
1071 2192 1179 2254 Sicilia

199 2285 230 2337 et
251 2277 370 2336 classis.
399 2277 490 2350 legati
511 2291 550 2336 ex
564 2277 746 2336 Macedonia
766 2285 874 2338 exacto
891 2278 1055 2338 admodum
1069 2291 1178 2336 mense

198 2358 365 2419 Februario
379 2360 544 2420 redierunt.
559 2360 590 2419 hi
605 2375 682 2433 quas
697 2376 748 2419 res
764 2375 802 2420 ea
816 2368 931 2422 aestate
944 2375 1095 2437 prospere
1105 2375 1177 2434 ges-

199 2441 294 2501 sisset
313 2457 370 2501 rex
390 2442 521 2502 Perseus
542 2444 729 2517 referebant,
752 2451 948 2520 quantusque
967 2444 1057 2504 timor
1071 2445 1177 2504 socios

200 2525 305 2598 populi
326 2525 455 2588 Romani
476 2526 610 2601 cepisset
629 2533 675 2586 tot
694 2527 822 2588 urbibus
843 2527 874 2587 in
896 2535 1078 2603 potestatem
1091 2527 1177 2601 regis

198 2608 341 2668 redactis.
371 2609 538 2669 exercitum
561 2610 696 2671 consulis
718 2611 940 2686 infrequentem
956 2611 1177 2672 commeatibus

198 2693 290 2765 vulgo
306 2692 384 2752 datis
401 2709 455 2766 per
469 2693 664 2754 ambitionem
679 2709 765 2764 esse;
788 2696 909 2770 culpam
924 2694 990 2756 eius
1004 2696 1049 2754 rei
1064 2709 1177 2754 consu·
1277 2697 1278 2752 ξ

198 2776 257 2834 lem
271 2775 301 2834 in
314 2777 452 2836 tribunos
462 2778 595 2852 militum,
612 2784 719 2839 eontra
729 2780 799 2839 illos
809 2780 841 2838 in
853 2780 1011 2839 consulem
1023 2781 1177 2838 conterre.
1277 2827 1278 2848 ,

197 2857 391 2933 ignominiam
400 2861 514 2922 claudii
527 2863 693 2923 temeritate
704 2870 863 2938 acceptam
874 2864 996 2922 elevare
1007 2879 1063 2922 eos
1072 2868 1177 2936 patres
1228 2935 1235 2942 ·

198 2943 268 3002 laeti
289 2954 489 3018 acceperunt:
523 2946 639 3020 quippe
661 2962 836 3021 perpaucos
860 2944 956 3006 Italici
981 2947 1119 3021 generis,
1145 2953 1179 3006 et

198 3041 308 3097 magna
321 3044 361 3086 ex
370 3037 462 3101 parte
475 3029 667 3089 tumultuario
683 3030 795 3090 dilectu
807 3031 1000 3105 conscriptos
1011 3028 1054 3090 ibi
1065 3030 1177 3090 milites

198 3107 331 3166 amissos
351 3109 533 3170 referebant.
556 3114 700 3173 consules
721 3112 872 3186 designati
891 3114 944 3173 ubi
967 3113 1096 3188 primum
1112 3129 1178 3172 ma·

197 3190 355 3264 gistratum
367 3191 504 3265 inissent,
516 3193 742 3255 deMacedonia
752 3197 867 3256 reterre
879 3197 920 3257 ad
930 3205 1069 3257 senatum
1079 3196 1176 3265 iussi;

197 3272 431 3351 destinataeque
447 3276 623 3350 provinciae
638 3279 674 3337 iis
691 3287 763 3340 sunt
775 3281 861 3339 ltalia
874 3287 904 3340 et
918 3279 1109 3341 Macedonia.

280 3358 347 3418 Hoc
361 3375 441 3420 anno
456 3361 663 3421 intercalatum
678 3372 739 3424 est:
753 3362 840 3423 tertio
852 3365 902 3423 die
913 3372 985 3438 post
994 3363 1172 3426 Terminalia

199 3441 347 3501 calendae
360 3441 556 3505 intercalares
571 3447 664 3505 luere.
689 3446 868 3508 sacerdotes
884 3447 1045 3506 introeam
1060 3457 1175 3507 amium

197 3525 306 3583 mortui
327 3526 360 3584 L.
380 3525 566 3588 Flamininus
589 3529 621 3566 **
641 3530 803 3605 pontifices
819 3531 880 3591 duo
902 3530 1117 3598 decesserunt,
1138 3529 1174 3589 L
1275 3523 1276 3526 ’
