2598 3956
186 205 228 270 lb
358 205 473 266 LIBER
486 205 545 265 XL.
571 203 654 265 cAP.
670 210 715 266 26.
727 207 771 265 al.
795 209 832 277 [ιι.
845 207 879 262 U.
892 225 917 262 o.
928 207 988 278 all]

185 364 262 422 tent
282 357 467 434 permissum
482 363 523 429 ut,
539 371 601 431 qua
615 354 707 428 irent,
723 353 863 430 protinus
878 353 1044 418 subitarios
1059 353 1169 416 milites

183 441 354 504 scriberent
374 441 582 515 ducerentque
603 451 718 500 secum.
747 444 778 498 et
791 437 985 513 praetoribus
1001 437 1035 512 0.
1050 437 1168 500 Petillio

181 532 215 587 et
229 525 263 600 0.
278 524 373 586 Fabio
395 524 575 600 imperatum
597 528 659 596 est,
680 528 715 582 ut
727 519 862 584 Petillios
878 522 956 582 duas
971 521 1110 596 legiones
1126 521 1168 584 ci·

185 609 267 670 vium
280 609 489 670 Romanorum
508 604 718 669 tumultuarias
740 605 888 668 scriberet
904 611 935 666 et
948 621 1056 668 omnes
1071 605 1166 668 mino·

184 708 235 754 res
252 691 474 768 quinquaginta
486 691 574 752 annis
590 697 783 752 sacramento
796 696 935 764 rogaret,
950 687 1055 765 Fabio,
1069 696 1103 751 ut
1116 705 1167 750 so-

184 775 240 838 ciis
255 775 352 836 Latini
367 773 498 837 nominis
516 774 691 851 quindecim
704 771 787 835 milia
800 772 953 849 peditum,
975 773 1168 848 octingentos

181 859 304 936 equites
319 859 492 936 imperaret.
512 857 664 922 duumviri
678 859 803 920 navales
819 856 912 918 creati
927 855 959 920 0.
972 855 1123 920 Matienus
1138 867 1170 918 el

180 943 214 1006 c.
226 943 395 1018 Lucretius,
410 957 569 1018 navesque
580 939 618 1002 iis
631 947 758 1006 ornatae
770 948 849 1014 eunt,
861 939 1066 1017 Matienoque,
1079 939 1167 1004 cuius

183 1028 223 1088 ad
242 1027 389 1088 Gallicum
403 1028 504 1088 sinum
518 1023 680 1102 provincia
693 1031 766 1100 erat,
780 1025 962 1102 imperatum
973 1033 1029 1097 est,
1044 1030 1078 1085 ul
1088 1025 1166 1089 olas-

182 1125 248 1172 sem
268 1109 368 1187 prirno
384 1125 510 1187 quoqne
520 1115 659 1186 tempore
673 1109 800 1172 duceret
812 1109 844 1169 in
858 1107 1002 1184 Ligurum
1016 1123 1116 1182 oram,
1139 1109 1166 1171 si

183 1211 246 1270 quo
271 1195 340 1255 usui
365 1209 437 1255 esse
457 1195 490 1255 L.
512 1193 642 1256 Aemilio
668 1199 761 1269 atque
784 1194 852 1256 eius
878 1193 1027 1254 exercitui
1047 1202 1165 1268 posset.

180 1277 302 1340 xxvii.
323 1279 482 1351 Aemilius,
497 1285 664 1354 postquam
678 1277 753 1340 nihil
764 1291 896 1354 usquam
908 1274 1012 1338 auxihi
1023 1277 1164 1338 ostende·

181 1360 278 1436 batur,
295 1359 483 1439 interceptos
498 1362 629 1424 credens
643 1362 780 1438 equites,
793 1378 856 1424 non
869 1362 950 1422 ultra
963 1359 1164 1424 differendum

180 1453 275 1520 ratus,
292 1445 365 1522 quin
380 1462 436 1522 per
451 1461 486 1506 se
500 1446 652 1508 somonam
665 1452 841 1521 temptaret,
865 1445 1044 1521 priusquam
1058 1445 1164 1506 hostes

180 1530 334 1603 venirent,
350 1530 402 1605 qui
416 1531 475 1591 iam
491 1530 617 1604 segnius
633 1528 859 1606 socordiusque
874 1529 1109 1606 oppugnabant,
1125 1530 1166 1588 ad

179 1620 326 1688 quattuor
347 1620 453 1689 portas
473 1613 639 1676 exercitum
661 1611 817 1686 instruxit,
838 1620 872 1674 ut
886 1614 973 1688 signo
990 1613 1061 1674 dato
1076 1613 1167 1674 simul

179 1711 220 1756 ex
241 1696 382 1758 omnibus
402 1696 541 1774 partibus
563 1699 754 1773 eruptionem
775 1699 920 1758 iacerent.
949 1704 1092 1772 quattuor
1111 1713 1163 1757 ex·

178 1779 390 1842 traordinariis
410 1780 588 1844 cohortibus
610 1782 688 1844 duas
702 1782 842 1842 adiunxit
854 1782 1033 1857 praeposito
1048 1781 1087 1841 Μ.
1103 1782 1164 1840 Va-

134 1871 136 1876 ’
179 1863 255 1925 lario
284 1864 400 1940 legato,
429 1880 592 1941 erumpere
619 1866 860 1927 extraordinaria
884 1872 975 1941 porta
996 1862 1095 1926 iussit.
1125 1865 1166 1924 ad

178 1946 318 2008 dextram
338 1949 539 2025 principalem
559 1949 698 2012 hastatos
719 1948 848 2024 legionis
870 1949 988 2025 primae
1006 1949 1164 2016 instruxit,

181 2030 343 2109 principes
364 2047 403 2094 ex
420 2033 528 2096 eadem
549 2033 670 2109 legione
685 2034 715 2094 in
731 2033 879 2094 subsidiis
894 2032 1015 2109 posuit:
1036 2032 1077 2094 Μ.
1093 2031 1164 2092 Ser-

178 2112 270 2177 vilius
284 2122 316 2177 et
328 2115 363 2180 L.
375 2114 532 2192 Sulpicius
547 2117 660 2180 tribuni
673 2118 800 2178 militum
813 2116 863 2178 his
873 2117 1053 2194 praepositi.
1075 2117 1165 2179 tertia

177 2199 259 2274 legio
275 2200 426 2262 adversus
438 2201 635 2278 principalem
651 2202 804 2262 sinistram
816 2208 935 2277 portam
947 2202 1095 2263 instructa
1106 2207 1164 2261 est.

177 2281 210 2342 id
223 2290 336 2345 tantum
353 2292 508 2358 mutatum,
524 2284 682 2362 principes
697 2285 787 2361 primi
801 2292 833 2346 et
845 2285 956 2346 hastati
972 2282 1002 2344 in
1014 2284 1163 2346 subsidiis

177 2367 284 2430 locati:
307 2367 380 2430 Sex.
391 2369 486 2429 Iullus
502 2370 615 2430 caesar
629 2378 660 2432 et
672 2369 706 2430 L.
721 2369 867 2430 Aurelius
882 2368 969 2430 cotta
982 2369 1094 2432 tribuni
1108 2369 1163 2428 mi·

177 2449 262 2511 litum
275 2452 347 2512 huic
362 2451 476 2527 legioni
489 2453 661 2529 praepositi
675 2461 756 2515 sunt.
785 2454 819 2528 0.
833 2451 961 2514 Fulvius
975 2452 1106 2518 Flaccus
1120 2454 1162 2512 le-

176 2539 267 2608 gatus
293 2550 363 2596 cum
387 2536 496 2596 dextra
519 2538 569 2598 alo
588 2538 629 2598 ad
650 2537 858 2614 quaestoriam
882 2545 1003 2613 portam
1022 2535 1162 2613 positus;

176 2616 256 2678 duae
284 2618 427 2680 cohortes
449 2628 480 2681 et
498 2619 592 2682 triarii
617 2623 745 2686 duarum
770 2623 924 2697 legionum
948 2622 979 2681 in
1004 2619 1161 2698 praesidio

175 2707 348 2764 castrorum
373 2719 498 2765 manere
518 2705 605 2766 iussi.
637 2721 745 2768 omnes
766 2712 872 2783 portas
894 2703 1161 2768 contionabundus

175 2780 245 2859 ipse
270 2786 437 2862 imperator
457 2789 618 2864 circumiit,
644 2797 675 2852 et
696 2790 941 2866 quibuscumque
966 2788 1161 2851 irritamentis

176 2875 297 2942 poterat
316 2868 378 2932 iras
397 2873 524 2933 militum
545 2874 690 2949 acuebat,
712 2890 794 2935 nuno
815 2875 954 2936 fraudem
967 2874 1103 2935 hostium
1116 2872 1161 2932 in-

176 2967 301 3027 cusans,
317 2953 370 3028 qui
384 2969 463 3031 pace
478 2957 580 3032 petita,
596 2957 721 3020 indutiis
737 2957 825 3033 uatis,
843 2959 1014 3035 peripsum
1030 2957 1160 3018 indutia-

174 3051 242 3096 rum
256 3042 377 3113 tempus
393 3046 499 3101 oonba
512 3041 561 3102 ius
572 3043 707 3116 gentium
722 3042 762 3101 ad
774 3050 876 3104 castra
887 3041 1096 3118 oppugnanda
1108 3057 1160 3100 ve-

174 3118 309 3181 nissenb
332 3138 413 3184 nuno
428 3131 560 3200 quantus
575 3126 678 3202 pudor
689 3131 774 3186 essct
787 3127 924 3188 edocens
936 3126 976 3187 ab
987 3125 1159 3200 Liguribus,

172 3203 342 3266 latronibus
355 3208 459 3270 verius
475 3225 567 3285 quam
580 3208 721 3270 hostibus
736 3209 840 3284 iustis,
856 3210 1028 3270 Romanum
1043 3209 1160 3270 exerei-

170 3293 237 3348 tum
252 3287 396 3352 obsideri.
420 3309 504 3368 „quo
520 3308 575 3353 ore
590 3294 754 3368 quisquam
768 3303 913 3368 vestrum,
929 3293 957 3354 si
971 3291 1042 3353 hinc
1057 3292 1158 3370 alieno

171 3373 338 3446 praesidio,
354 3391 415 3436 non
430 3381 533 3435 vestra
543 3376 652 3437 virtule
663 3375 832 3450 evaseritis,
849 3383 998 3452 occurret,
1014 3391 1076 3436 non
1089 3376 1159 3438 dico

171 3453 217 3516 eis
231 3456 391 3530 militibus,
415 3458 466 3534 qui
480 3457 695 3536 Hannibalern,
711 3461 763 3537 qui
777 3460 966 3538 Philippum,
983 3460 1036 3537 qui
1050 3457 1156 3522 Antio·
