2598 3956
211 193 252 258 74
370 193 487 264 LtBER
500 193 561 263 XL.
585 191 668 252 cop.
683 199 838 258 aeaeae.
861 197 897 265 [a.
911 196 946 254 tt
957 214 980 248 c.
992 198 1055 266 ori]

211 365 281 418 cum
295 348 413 423 aliquot
427 361 550 417 menses
564 343 688 420 egisset
702 346 825 414 tandem
838 344 938 420 legati,
954 346 1014 408 iam
1025 355 1095 413 ante
1107 365 1196 424 prac-

210 431 346 498 meditoti
360 431 390 490 io
404 429 587 499 Macedonia
602 443 682 505 qnae
696 429 734 490 ab
748 429 847 495 Roma
859 432 1082 504 renuntiarent,
1102 449 1196 496 vene-

210 520 296 584 rumt
320 515 372 590 qui
386 529 481 590 super
495 520 598 584 cetera
612 515 731 576 scelera
745 514 840 578 falsas
854 514 946 576 etiarn
960 516 1085 589 litteras,
1105 519 1196 592 signo

211 596 574 672 conterraneorum
594 596 745 672 stauros,
769 597 967 666 reddiderunt
980 601 1056 675 regi.
1083 602 1196 676 depre-

211 685 290 746 catio
312 691 377 752 erat
391 682 422 750 in
442 682 563 756 litteris,
586 680 702 756 siquid
726 682 911 752 adolescens
929 683 1094 759 eupiditate
1108 684 1196 761 regni

211 769 375 844 prolapsus
402 781 508 830 secum
536 765 663 841 egisset:
699 765 773 828 nihil
795 781 866 834 ¹enm
891 765 1042 830 adversus
1068 785 1196 837 suorum

211 867 395 929 quemquam
417 851 582 920 iacturum
610 865 712 926 neque
733 865 803 916 oum
824 865 897 917 sese
918 866 1005 924 esse,
1032 853 1084 927 qul
1103 854 1195 917 nidus

209 935 294 1012 impii
319 935 440 998 consilii
466 942 573 1001 auctor
598 934 716 1004 tuturus
738 934 834 1002 videti
854 936 963 1011 possit.
999 935 1196 1004 maritumae

209 1020 303 1082 fidem
317 1019 421 1084 Persei
441 1016 619 1084 criminibus
640 1019 787 1086 lecerunt.
818 1019 922 1096 itaquo
941 1019 1119 1088 Hamoorus
1140 1037 1194 1086 ex-

208 1105 323 1180 templo
340 1102 393 1166 dia
407 1102 603 1168 excruciatus
615 1102 686 1167 sine
703 1101 816 1172 indicio
831 1105 876 1168 roi
887 1103 978 1168 tulius
992 1103 1024 1168 in
1035 1106 1194 1169 tormentis

209 1187 352 1252 moritum
380 1187 487 1252 XXIV.
507 1186 694 1254 Demetrium
714 1187 823 1254 iterum
842 1189 884 1252 ad
899 1197 1017 1271 patrem
1037 1192 1197 1256 accusavit

209 1274 351 1335 Perseus.
385 1273 458 1348 tuga
479 1288 536 1348 per
554 1271 719 1338 Paeoniam
740 1279 924 1348 praeparata
944 1273 1143 1350 mauce-etur,
1165 1283 1197 1336 ct

210 1357 345 1434 conupti
357 1357 492 1432 quidam,
505 1364 539 1420 ut
549 1356 676 1419 comites
688 1355 804 1421 itineris
817 1365 937 1428 essene
954 1359 1087 1422 martimo
1098 1360 1195 1422 falsae

210 1440 518 1516 iuteremerunt
540 1440 698 1516 rugabant.
732 1441 806 1504 oilril
827 1449 928 1508 tantan
948 1444 1049 1518 polam
1067 1444 1195 1520 grauius

209 1525 436 1602 pronuntiatum
451 1526 492 1586 de
505 1541 543 1588 oo
558 1533 620 1601 est,
635 1533 671 1588 ut
682 1526 754 1588 dolo
769 1527 871 1602 potius
886 1527 1122 1603 interficeretur,
1134 1542 1196 1590 nee

210 1611 240 1669 id
256 1625 330 1671 cura
350 1609 466 1685 ipsius,
487 1611 544 1672 sed
566 1625 606 1670 ue
626 1625 728 1685 poena
742 1609 808 1674 eius
823 1611 952 1674 consilia
967 1611 1119 1674 adversae
1130 1612 1195 1674 tto·

209 1709 318 1756 manos
340 1694 479 1755 nudaret.
511 1695 549 1754 ab
564 1692 784 1757 Thessalonice
798 1694 1023 1758 Demetriadem
1043 1697 1104 1772 ipsi
1125 1712 1195 1758 erun
1222 1713 1227 1720 ·

210 1777 266 1840 iter
286 1785 385 1853 esset,
406 1780 571 1848 Astraeum
585 1777 738 1840 Paeoniae
752 1778 939 1842 Demetrium
951 1779 1043 1842 mittit
1058 1797 1127 1844 oum
1140 1797 1195 1844 co·

134 1877 136 1881 ’
210 1865 279 1924 dem
295 1865 405 1925 comite
419 1863 511 1938 Dido,
532 1865 678 1924 Perseum
692 1863 891 1940 Amphipolin
906 1863 946 1924 ad
961 1863 1088 1926 obsides
1101 1864 1193 1924 Thro-

211 1965 280 2008 cum
300 1947 510 2023 accipiendos.
543 1947 724 2024 digredienti
744 1947 783 2008 ab
804 1963 838 2008 se
860 1947 958 2010 Didae
978 1949 1121 2011 mandata
1141 1949 1194 2008 de·

211 2033 295 2094 disse
317 2032 427 2092 dicitur
447 2033 487 2092 de
504 2031 568 2094 lilio
582 2031 763 2102 occidendo.
792 2031 975 2094 sacrificium
990 2033 1029 2092 ab
1043 2032 1122 2094 Dida
1136 2047 1195 2093 seu

210 2116 379 2179 institutum
393 2132 450 2178 seu
465 2117 639 2178 simulatum
648 2123 716 2190 est,
730 2116 771 2176 ad
788 2117 871 2191 quod
888 2116 1195 2180 celebrandum-inni·

212 2211 290 2264 tatus
304 2202 475 2264 Demetrius
497 2201 536 2262 ab
550 2203 683 2263 Astraeo
697 2200 878 2262 Heracleam
893 2202 985 2263 uenit.
1016 2200 1049 2280 in
1063 2214 1101 2263 eo
1116 2215 1195 2264 cena

212 2288 320 2348 dicitur
335 2303 487 2348 venenum
502 2286 615 2346 datum.
637 2286 752 2361 poculo
765 2293 858 2362 epoto
871 2287 1027 2360 extemplo
1043 2285 1149 2348 sensit.
1163 2290 1195 2346 et

211 2387 282 2431 mox
297 2371 411 2433 coortis
426 2369 595 2445 doloribus,
610 2370 717 2430 relicto
730 2370 877 2432 convivio
891 2385 959 2432 cum
975 2370 1005 2431 io
1021 2368 1196 2432 cubiculum

210 2455 382 2529 recepisset
395 2469 482 2526 sese,
505 2453 713 2514 crudelitatem
728 2451 822 2529 petris
838 2469 1050 2530 conquerens,
1068 2452 1195 2530 parrici-

210 2538 292 2598 dium
307 2537 408 2597 iratris
423 2552 459 2596 ac
473 2536 570 2596 Didae
584 2537 688 2598 scelus
700 2537 849 2599 incusans
863 2539 1073 2614 torquebatur.
1094 2537 1195 2602 tinuo-

210 2622 297 2682 rnissi
321 2621 433 2681 deinde
452 2619 579 2698 Thyrsis
605 2619 730 2697 qudam
755 2621 942 2684 Stuberaeus
966 2630 997 2684 et
1016 2623 1195 2686 Beroeaeus

210 2705 386 2769 Alexander
406 2703 524 2764 iniectis
544 2705 698 2782 tapetibus
714 2706 745 2766 io
762 2715 855 2783 caput
869 2707 1037 2783 leucosque
1053 2705 1195 2782 spiritum

210 2789 452 2851 intercluserunt.
474 2789 516 2848 ita
530 2789 673 2850 innoxius
685 2791 878 2862 adolescens,
894 2807 964 2852 cum
977 2791 1009 2852 in
1020 2807 1110 2852 eone
1120 2791 1194 2852 sim-

210 2875 281 2947 plici
302 2874 427 2950 quidem
447 2888 560 2948 genere
580 2873 687 2936 mortis
708 2875 842 2937 contenti
856 2873 968 2937 inimici
984 2875 1127 2948 inissem,
1148 2875 1194 2935 in·

209 2958 364 3019 terflcitur.
1026 2979 1028 2984 ¹

293 3041 388 3101 XXV.
408 3040 486 3100 Dum
500 3041 577 3103 haec
591 3041 621 3102 in
633 3042 981 3120 Macedoniazgeruntur,
997 3043 1031 3105 L.
1044 3040 1194 3105 Aemilius

210 3124 338 3198 Paulus,
360 3131 533 3200 prorogato
548 3143 587 3188 ex
603 3129 764 3189 consulatu
777 3127 922 3203 imperto,
944 3127 1095 3203 principio
1109 3126 1195 3188 veris

210 3209 240 3266 in
260 3207 388 3282 Ligures
408 3209 562 3284 Ingaunos
588 3210 708 3273 induxit
727 3212 903 3272 exercitum.
937 3211 990 3272 ubi
1010 3210 1141 3288 primum
1163 3211 1195 3272 in

209 3292 344 3354 hostium
358 3290 469 3355 finibus
490 3306 591 3357 castra
606 3293 725 3372 posuit,
741 3295 832 3371 legati
847 3296 888 3357 ad
902 3311 972 3357 eum
986 3311 1043 3372 per
1057 3295 1196 3370 speciem

211 3377 298 3450 pacis
319 3377 470 3452 petendae
484 3374 675 3457 speculatum
692 3386 848 3442 venerunt.
876 3381 999 3456 neganti
1013 3380 1119 3442 Paullo
1134 3379 1195 3440 nisi

212 3475 281 3520 cum
307 3459 416 3522 deditis
439 3463 555 3538 pacisci
574 3479 609 3524 se
634 3479 757 3539 pacem,
782 3481 844 3525 non
866 3471 927 3528 tani
947 3463 978 3524 id
999 3463 1194 3539 recusabant,
