2570 3952
526 253 732 302 FRAGMENTA.
1065 269 1122 312 xm

139 407 198 456 niis.
228 404 360 470 Significat
379 413 463 453 autem
481 404 514 454 M.
529 403 674 454 Ciceronem
693 414 717 454 et
735 404 761 454 C.
777 404 918 465 Caesarem,
934 421 1042 468 quorum
1060 404 1122 454 alter

141 475 246 538 laudes,
274 473 336 522 alter
359 473 556 536 vituperationes
580 487 657 538 supra
680 475 740 524 dicti
762 475 863 538 scripsit
885 475 942 524 viri.
974 475 1120 539 Ηίινοιιμιιι.

141 545 212 594 Prot.
231 542 273 592 tit.
294 541 332 590 II.
354 543 379 589 iu
398 541 517 590 Hoccum.

501 607 517 640 ⁴¹
534 609 580 659 Esc
598 611 639 660 lib.
660 611 758 662 CXVI.

192 685 226 736 16)
237 663 291 727 Ην
305 666 357 755 γάρ
370 693 397 726 τι
413 693 444 756 ιη
433 675 598 742 Καισαρος
607 673 684 747 οἰκίᾳ
698 675 908 760 προσκείμενον,
919 673 982 728 οἷον
995 669 1092 729 ict‘
1057 694 1121 729 uoc-

140 763 183 829 pq)
194 741 242 796 uui
252 741 397 828 σεμνότητι
405 745 455 810 τῆς
464 743 566 815 βουλῆς
575 727 775 812 ψηφισαμένης
785 737 970 832 οἷιιρωτηοιον,
979 741 1017 806 ὡς
1024 745 1122 830 Λίβιος

142 811 255 878 ιοτορεῖ.
273 808 392 866 Tunica*
377 831 445 880 οναρ
461 817 674 900 ηΚαλιιονρνία
687 811 848 900 θεασαμένη
858 809 1122 882 ααταρρηγνύμενον

141 881 408 947 inviscerabantur
426 882 474 936 uui
492 877 635 966 deuncem·
640 878 794 966 ἡμέραςὸ’
803 899 853 936 οον
866 883 1019 969 γενομένης
1033 879 1122 936 ἐδεῖτο

141 969 190 1005 τοο
178 951 354 1035 Καισαρος,
372 949 462 1018 εἰμεν
479 947 541 1006 οἷον
555 971 596 1016 τε,
611 971 649 1020 μη
669 955 835 1022 προελθεῖν,
855 947 913 1005 αλλ’
931 947 1122 1024 ἀναβαλέσθαι

141 1013 372 1146 τὴνγσῦγιλητον
398 1025 525 1074 Plutarch.
548 1025 755 1090 boemanos.
776 1028 814 1091 Cf.
828 1026 979 1077 Freinshem.
996 1025 1120 1090 supplem.

141 1112 156 1145 c
180 1093 198 1146 4

193 1169 227 1218 11)
248 1161 342 1212 Malum
357 1177 429 1211 omen
441 1171 487 1220 est,
507 1165 623 1224 quotiens
635 1163 724 1222 Aetna,
744 1180 817 1214 ιιιοιιε
830 1163 939 1226 Siciliae,
953 1180 1003 1215 ιιοιι
1015 1165 1122 1223 1οιιιιιιιι,

143 1232 356 1282 sedliarnmnrum
372 1198 568 1296 egeritgiobcs:
590 1239 622 1294 et,
637 1240 664 1280 ut
680 1233 843 1292 dicitLivius,
864 1243 932 1284 tanta
948 1236 1049 1284 flamma
1065 1242 1123 1283 aute

143 1307 250 1349 inertem
269 1299 383 1350 Caesaris
406 1314 439 1348 ex
456 1302 538 1348 Aetna
554 1307 637 1348 monte
656 1300 773 1361 delinxit,
801 1311 827 1350 ut
845 1319 895 1353 non
912 1311 1006 1351 tantum
1025 1303 1123 1351 vicinae

144 1370 233 1428 urbm,
257 1369 303 1419 sed
325 1369 400 1416 etiam
418 1367 515 1432 Regina
533 1369 636 1429 civitas,
661 1383 726 1430 quoe
743 1370 820 1418 multo
839 1372 921 1435 spatio
941 1371 971 1420 ab
991 1385 1022 1418 ea
1038 1370 1121 1430 distet,

146 1439 287 1486 adderetur.
315 1437 386 1486 Sero.
407 1437 443 1486 ad
463 1437 553 1502 Virpil.
573 1437 662 1500 Georp.
683 1437 707 1500 I,
724 1435 784 1490 471.

195 1513 229 1562 ts)
251 1507 323 1566 (11οά
342 1508 373 1556 de
390 1503 496 1555 Caesare
512 1507 607 1554 maiore
622 1506 698 1571 vulgo
717 1507 858 1556 dictitatnm
877 1515 922 1566 est,
941 1516 965 1556 et
983 1509 1038 1556 aT.
1051 1507 1123 1558 Livio

144 1577 269 1640 positum,
293 1576 319 1624 iu
335 1576 429 1624 incerto
448 1590 504 1624 esse
522 1585 606 1624 utrum
623 1574 693 1624 illum
710 1576 791 1642 magis
809 1577 880 1628 nasci
896 1577 1048 1642 reipublicae
1064 1592 1123 1642 pro·

145 1645 227 1706 fuerit,
242 1659 274 1694 au
287 1661 336 1694 nun
349 1645 427 1703 nasci,
440 1645 489 1694 dici
503 1645 578 1693 etiam
591 1644 715 1694 devectis
729 1653 820 1710 potest..
839 1643 936 1695 Seneca
949 1646 1007 1696 Nat.
1020 1647 1121 1708 Quuest.
1136 1641 1137 1645 ’

149 1715 182 1772 V,
197 1711 237 1766 18.
268 1713 306 1778 Cf.
321 1713 472 1764 Freinshem.
485 1713 609 1776 Supplem.
625 1729 683 1776 cup.
699 1712 756 1766 116.
822 1715 824 1720 ’

505 1791 551 1841 Ea
568 1791 610 1840 b'b.
631 1791 761 1842 CXVIII.

193 1863 228 1912 19)
246 1857 377 1908 Adversus
394 1859 567 1909 interfectores
586 1858 613 1908 C.
628 1857 742 1909 Caesaris
760 1859 883 1908 ultoribus
902 1873 1003 1907 murrum
1022 1873 1124 1923 compa·

145 1939 203 1973 raus
227 1927 348 1975 concibat.
379 1929 506 1978 Priscian
527 1927 570 1978 lib.
591 1926 641 1976 IX
664 1943 691 1990 p.
711 1927 771 1980 865.
796 1928 836 1978 ed.
856 1927 956 1977 Pcuecb
981 1929 1038 1978 Vol.
1055 1927 1079 1977 Ι.
1094 1941 1122 1990 p.

144 1989 205 2042 458.
225 1995 264 2044 ed
282 1995 371 2045 Krete.

515 2063 593 2114 *Ex
612 2064 653 2114 lib.
672 2064 753 2115 CXX.

196 2136 230 2187 51)
251 2132 284 2180 M.
305 2131 390 2182 Cicero
412 2133 459 2182 sub
483 2133 620 2183 adventum
642 2134 830 2184 triumvirorum
852 2144 962 2184 cesserat
978 2136 1054 2194 urbe,
1078 2149 1124 2198 pro

146 2209 214 2250 certo
231 2198 336 2261 habeus,
355 2201 382 2250 id
401 2201 468 2264 quod
485 2209 546 2260 erat,
564 2203 705 2266 nonmugis
719 2204 828 2252 Antonio
842 2203 905 2267 eripi
919 2218 956 2262 se,
976 2217 1051 2264 quarn
1064 2202 1125 2252 Cae-

146 2269 197 2318 sari
214 2266 328 2318 Cassium
347 2277 372 2318 et
389 2269 506 2329 Brutum,
523 2285 607 2334 posse.
637 2271 718 2336 primo
737 2273 762 2320 in
781 2270 952 2320 Tusculanum
952 2270 1049 2351 111311,
1066 2271 1125 2320 inde

146 2338 300 2388 transversis
316 2339 473 2388 itineribus
467 2355 492 2389 m
510 2340 686 2399 Formianum,
705 2346 733 2388 ut
749 2341 781 2390 ab
798 2338 885 2390 Caieta
902 2339 988 2390 navim
1005 2348 1125 2390 conscen-

147 2421 230 2472 surus,
249 2407 424 2472 proficiscitur.
448 2409 516 2459 unde
534 2408 702 2472 aliquotiens'
696 2423 722 2458 m
734 2408 813 2460 altum
823 2417 973 2474 provectum
984 2424 1040 2459 cum
1050 2408 1125 2458 modo

146 2477 215 2526 venti
233 2477 334 2527 adversi
351 2477 510 2538 rettulissent,
536 2479 612 2529 modo
628 2480 683 2544 ipse
701 2480 862 2530 iactationem
878 2479 964 2538 navis,
983 2493 1058 2528 caeco
1074 2478 1126 2528 vol-

147 2553 220 2594 vente
239 2546 324 2607 linctu,
342 2547 395 2612 pati
415 2563 464 2597 non
481 2557 576 2613 posset,
594 2549 705 2598 taedium
723 2550 825 2600 taudem
845 2563 901 2598 eum
914 2561 938 2598 et
956 2546 1033 2614 fugae
1044 2554 1072 2597 ε1
1089 2547 1127 2597 vi·

147 2623 188 2664 tae
212 2616 292 2679 cepit.
316 2631 498 2698 regressusque
522 2618 555 2668 ud
576 2617 734 2682 superiorem
758 2617 861 2678 villam,
882 2633 946 2681 quae
971 2617 1047 2683 paulo
1068 2615 1127 2682 plus

148 2682 217 2732 mille
233 2685 352 2747 passibus
370 2701 386 2734 u
402 2688 467 2735 muri
486 2687 570 2745 abest,
588 2685 729 2746 Moriar,
723 2689 858 2752 1nquit,in
873 2688 962 2748 patria
979 2701 1056 2748 saepe
1074 2701 1127 2735 ser-

148 2759 216 2800 uata.
242 2753 302 2801 sutis
320 2768 380 2802 cons
382 2762 418 2804 tat
435 2769 523 2804 servos
542 2754 640 2803 fortiter
656 2755 813 2818 fideliterque
831 2764 932 2820 paratos
951 2753 1031 2804 luisse
1046 2755 1078 2804 ad
1089 2755 1127 2804 di-

149 2820 337 2883 micandumq'
331 2836 415 2886 ipsum
433 2823 527 2888 deponi
545 2822 667 2882 lecticam,
686 2830 710 2872 et
728 2826 827 2885 quietos
845 2824 907 2886 pati,
926 2824 995 2885 quod
1011 2837 1066 2871 sors
1079 2823 1128 2870 ini-

149 2903 199 2953 qua
216 2897 325 2955 cogeret,
343 2891 457 2940 iussisse.
486 2887 639 2957 prominenti
653 2907 684 2942 ex
701 2891 791 2942 lectica
803 2893 985 2956 praebentique
997 2893 1128 2940 immotam

149 2959 272 3008 cervicem
291 2969 367 3024 caput
388 2962 532 3026 praecisum
551 2967 596 3010 est.
627 2976 674 3010 nec
688 2961 750 3010 satis
775 2961 883 3010 stolidae
906 2960 1046 3011 crudelitati
1063 2960 1128 3009 mili-

149 3035 203 3074 tum
221 3027 277 3076 fuit.
312 3044 402 3080 munus
424 3046 538 3094 quoque,
565 3029 699 3094 scripsisse
720 3031 747 3080 iu
765 3030 902 3079 Antonium
927 3029 1023 3112 aliquid
1040 3044 1128 3094 expro-

151 3095 265 3153 brumes,
289 3099 473 3161 praeciderunt.
506 3101 542 3149 ita
560 3099 667 3149 relatum
681 3106 766 3181 'caput
783 3099 816 3150 ad
831 3099 982 3159 Antonium,
1007 3101 1129 3161 iussuque

150 3163 206 3212 eius
222 3163 287 3212 inter
301 3167 364 3216 duas
381 3183 470 3218 manus
482 3169 509 3217 iu
521 3169 621 3218 Rostris
632 3169 759 3234 positum;
778 3169 822 3218 ubi
835 3167 877 3218 ille
889 3170 985 3227 consul,
1000 3168 1042 3216 ubi
1052 3181 1128 3232 saepe

150 3230 301 3292 consularis,
320 3235 364 3284 ubi
382 3252 411 3286 ec
431 3239 486 3302 ipso
505 3252 571 3286 anno
586 3239 707 3287 adversus
720 3239 866 3295 Antonium,
885 3247 963 3300 quant
965 3253 980 3286 u
954 3236 1061 3286 tnulla
1074 3251 1129 3284 um-

150 3315 226 3364 quam
242 3299 351 3350 humanu
369 3319 427 3364 vox,
447 3321 504 3354 cum
516 3306 681 3357 admiratione
693 3308 851 3370 eloquentiae
863 3307 964 3357 unditus
978 3305 1067 3356 luerat.
1085 3305 1130 3354 vix

150 3369 294 3420 attollentes
317 3386 379 3436 prae
396 3373 506 3424 lacrimis
525 3374 612 3424 oculos
630 3375 745 3424 homiues
764 3375 856 3426 intueri
874 3375 998 3425 trucidata
1017 3373 1130 3423 membra

151 3440 206 3489 eins
221 3455 255 3504 po
256 3448 347 3490 t.eraut
381 3443 443 3492 vixit
459 3451 509 3493 tres
528 3451 552 3492 et
567 3445 700 3508 sexaginta
716 3459 810 3505 annos,
837 3451 876 3501 ut,
901 3445 923 3493 si
941 3443 978 3493 vis
997 3441 1129 3505 abluisset,

150 3524 183 3558 ne
200 3509 332 3560 immatura
354 3511 456 3574 quidem
475 3526 543 3562 murs
566 3513 647 3561 videri
664 3515 758 3576 possit:
782 3513 912 3579 ingenium
930 3520 954 3564 ct
973 3511 1089 3578 operibus
1107 3518 1131 3559 et
