2574 3954
146 274 148 278 ,
209 225 283 326 aaa.
395 224 611 297 urrunnun.
633 223 715 284 cnr.
730 229 774 286 on.
797 226 990 298 [naason

206 387 303 458 ptarc.
326 393 396 444 euru
408 376 522 442 Pellam
535 376 686 449 venissel,
707 374 893 450 exercituin
914 374 1042 448 hiberna
1055 375 1187 440 dimisso

206 463 283 540 ipse
292 477 361 525 cum
372 459 468 540 cotye
478 459 726 528 Thessalonicam
736 465 787 527 ost
798 460 972 538 molestus*
987 475 1028 530 ee
1038 459 1117 526 rana
1130 461 1187 526 ad-

206 548 303 608 lentur
315 541 465 612 talesam
483 544 622 620 maulam
634 542 784 610 Thracum
804 549 836 608 et
855 543 1023 619 certamin
1039 541 1188 610 Eumenis

207 629 398 706 praeieratm
409 627 441 691 in
456 626 561 708 calpis
576 627 657 690 lines.
668 627 812 704 trapetum
832 626 961 704 iecisse,
982 633 1013 694 et
1027 627 1188 705 regionem

205 712 353 788 Marenen
367 727 458 787 quarn
468 717 582 778 vocant
594 711 726 788 cepisse.
748 709 851 787 imque
865 710 1075 780 dimittendum
1086 709 1187 790 Cotyn

204 796 247 860 ad
261 810 320 859 sue
336 795 452 858 tuenda
469 801 554 859 ratus
574 793 694 870 maenis
711 793 956 872 proticiscentem
970 793 1063 868 cocis
1074 809 1186 870 prose-

205 879 318 955 quitur.
345 877 477 944 ducenta
495 879 627 953 utana„
644 885 793 946 semesae
813 873 1014 954 stipendium,
1037 875 1186 956 equitatui

206 967 445 1036 coruncanum
458 960 557 1038 primo
572 975 706 1026 annuum
719 961 793 1026 dare
807 959 1026 1024 consutusset.

125 1122 130 1130 δ
292 1045 406 1109 consul
419 1051 584 1120 postquam
595 1045 765 1121 proiectum
776 1042 890 1106 Persea
903 1042 1034 1120 audiuit,
1050 1044 1090 1108 adw
1102 1043 1185 1109 (ion-

205 1144 278 1193 num
289 1134 392 1194 casua
401 1127 550 1202 moveasi
560 1127 650 1204 potiri
660 1127 776 1205 oppido
787 1133 905 1205 posset.
916 1126 1186 1208 anaerpsalempe

205 1211 237 1276 in
249 1209 391 1276 lancibus
405 1211 497 1277 situm
508 1211 711 1280 Mucianae
728 1213 863 1282 claustra
875 1211 1029 1282 tutissima
1047 1213 1185 1288 praehet,

203 1293 915 1373 otrannessatiamopponunumlllaculonibm
925 1295 1100 1364 decursum.
1114 1311 1185 1358 eum
1276 1333 1277 1338 κ

204 1387 237 1442 et
249 1381 319 1442 loco
333 1386 365 1445 et
378 1379 533 1456 praesidio
548 1378 650 1444 vmido
665 1379 912 1457 inexpugnabilis
925 1384 1000 1458 [res]
1015 1387 1114 1458 esset,
1129 1381 1184 1440 ab·

204 1462 280 1526 stitit
305 1462 438 1539 incepto.
470 1462 500 1524 in
520 1462 732 1530 Perrhaebiam
757 1463 847 1529 hexis
872 1461 1033 1530 itineribus
1051 1462 1185 1526 Malloea

204 1547 303 1622 primo
320 1545 435 1622 impetu
449 1553 539 1622 capta
559 1561 596 1614 aa
610 1547 746 1621 direpta,
763 1545 877 1620 Tripoli
898 1543 1021 1621 aliaque
1033 1545 1180 1609 Perrhae-

204 1629 256 1692 bia
267 1635 393 1704 recepta
402 1629 542 1697 Larisam
553 1628 650 1697 rediit.
673 1629 744 1690 inda
753 1627 888 1690 Eumene
903 1635 995 1706 atque
1009 1629 1111 1692 Attalo
1126 1631 1180 1691 do-

204 1727 287 1773 mum
300 1708 439 1773 remissis
452 1709 640 1786 Misagenem
654 1710 863 1787 Numidasque
875 1708 913 1774 iu*
922 1709 1050 1777 hiberna
1063 1711 1094 1773 in
1108 1729 1182 1787 pro-

204 1794 296 1860 ainis
305 1793 462 1863 ssmaadia
475 1794 602 1864 urbibus
615 1793 784 1871 disnlbult„
796 1801 829 1862 et
840 1801 957 1870 partem
972 1795 1183 1868 exercitualia

173 1895 175 1898 ·
205 1884 366 1954 pertatem
380 1877 567 1944 Thessaliam
582 1875 700 1952 divisit,
715 1883 748 1939 ut
761 1875 928 1944 ethiherna
942 1877 1103 1942 commoda
1117 1894 1183 1941 onn-

204 1977 263 2022 nes
274 1961 421 2028 haherent
440 1968 471 2026 et
490 1961 646 2037 praesidio
658 1961 787 2026 urbibus
797 1967 911 2029 aseent.
941 1961 975 2040 Q.
990 1961 1123 2036 Mucium
1138 1963 1182 2024 le·

202 2051 303 2121 galam
327 2059 396 2109 cnm
424 2043 548 2109 duobus
567 2043 689 2110 milibus
709 2045 751 2112 ad
773 2044 970 2116 abnuendam
986 2045 1181 2110 Ambraciam

203 2127 293 2192 misit.
310 2127 492 2193 Graecarum
502 2126 780 2195 duimhumsocios
791 2143 898 2196 onrnee
909 2129 1181 2208 praeterhcheeos

202 2210 324 2277 dimisit.
347 2227 415 2274 cum
428 2212 582 2278 exercitus
594 2220 684 2290 parte
691 2214 849 2289 prolaetaa
858 2212 891 2275 in
901 2211 1049 2278 hebdam
1058 2211 1180 2276 Phthio·

202 2295 271 2370 tirn,
285 2295 420 2366 Pteleum
434 2296 591 2360 desertum
603 2299 677 2373 lugo
689 2297 912 2372 oppidanorum
927 2296 1018 2361 dirui
1033 2311 1052 2360 a
1073 2297 1180 2358 lunda-

202 2379 327 2454 mentis,
341 2379 481 2445 Apama
492 2381 649 2445 uoluntate
663 2379 825 2445 colentium
839 2380 965 2456 recepit.
974 2433 976 2440 s
986 2379 1027 2448 ad
1041 2379 1180 2443 Larisam

202 2461 315 2522 deinde
335 2461 501 2524 exereitum
513 2463 657 2526 admovit.
689 2463 762 2524 urbs
783 2463 906 2528 deserta
925 2469 1006 2535 erat;
1026 2463 1058 2529 iu
1078 2477 1179 2524 arcem

203 2544 302 2610 omnis
317 2543 476 2606 multitudo
489 2552 700 2608 concesserat:
722 2561 789 2608 eam
801 2561 982 2624 oppugnare
992 2546 1177 2624 armabitur.

202 2625 291 2702 primi
306 2627 441 2690 omniurn
452 2627 657 2704 Macedones,
669 2626 787 2706 nogium
802 2629 1004 2706 praesidium,
1027 2637 1110 2703 metu
1124 2647 1177 2694 ex·

200 2718 376 2783 cesseranta
392 2727 411 2772 a
425 2711 538 2787 quibus
550 2713 646 2780 relicti
661 2713 808 2791 oppidani
823 2714 852 2775 in
868 2714 1052 2784 deditionem
1063 2721 1179 2781 extem·

203 2794 255 2870 plo
266 2791 400 2858 veniunt.
424 2794 556 2860 dubitari
571 2797 657 2873 inde,
673 2806 773 2864 uuum
785 2797 955 2860 Demetrias
969 2797 1178 2873 adgredienda
1278 2815 1279 2846 l

202 2879 282 2940 loret
296 2895 336 2942 aa
348 2877 380 2948 in
392 2878 520 2946 Boeotia
534 2881 731 2958 aspiciendae
744 2897 807 2943 res.
828 2881 978 2953 linebant,
994 2880 1177 2943 vexantibus

199 2976 257 3022 cos
274 2961 453 3036 coronaain,
474 2963 674 3032 inlinendum
687 2964 894 3028 arcessebant
924 2965 965 3027 ad
984 2963 1093 3026 borum
1106 2979 1176 3043 pre-

199 3057 271 3188 ἕω,
292 3044 520 3188 quiadhibernis
541 3047 641 3123 optior
659 3048 744 3124 regio
765 3063 856 3124 quam
869 3047 1027 3124 Magnesia
1046 3055 1126 3124 arat,
1146 3047 1177 3110 iu

228 3125 359 3188 aeoliam
395 3128 468 3192 anit.
948 3148 951 3152 ·
