<?xml version="1.0" encoding="UTF-8"?>
<!DOCTYPE html PUBLIC "-//W3C//DTD XHTML 1.0 Transitional//EN"
    "http://www.w3.org/TR/xhtml1/DTD/xhtml1-transitional.dtd">
<html xmlns="http://www.w3.org/1999/xhtml" xml:lang="en" lang="en">
 <head>
  <title>
</title>
<meta http-equiv="Content-Type" content="text/html;charset=utf-8" />
  <meta name='ocr-system' content='tesseract 3.04.00' />
  <meta name='ocr-capabilities' content='ocr_page ocr_carea ocr_par ocr_line ocrx_word'/>
</head>
<body>
  <div class='ocr_page' id='page_1' title='image "./aburbeconditali09livygoog_0037.png"; bbox 0 0 2592 3964; ppageno 0'>
   <div class='ocr_carea' id='block_1_1' title="bbox 185 208 1087 290">
    <p class='ocr_par' dir='ltr' id='par_1_1' title="bbox 185 208 1087 290">
     <span class='ocr_line' id='line_1_1' title="bbox 185 208 1087 290; baseline 0.004 -18"><span class='ocrx_word' id='word_1_1' title='bbox 185 211 303 273; x_wconf 74' lang='lat' dir='ltr'>LIBER</span> <span class='ocrx_word' id='word_1_2' title='bbox 316 209 448 270; x_wconf 82' lang='lat' dir='ltr'>xxxlx.</span> <span class='ocrx_word' id='word_1_3' title='bbox 473 211 555 270; x_wconf 78' lang='lat' dir='ltr'>car.</span> <span class='ocrx_word' id='word_1_4' title='bbox 571 219 597 274; x_wconf 86' lang='lat' dir='ltr'>r.</span> <span class='ocrx_word' id='word_1_5' title='bbox 608 219 635 274; x_wconf 86' lang='lat' dir='ltr'>e.</span> <span class='ocrx_word' id='word_1_6' title='bbox 658 212 694 289; x_wconf 65' lang='lat' dir='ltr'>[a.</span> <span class='ocrx_word' id='word_1_7' title='bbox 707 215 740 270; x_wconf 93' lang='lat' dir='ltr'>c.</span> <span class='ocrx_word' id='word_1_8' title='bbox 752 218 812 274; x_wconf 83' lang='lat' dir='ltr'>1cu.</span> <span class='ocrx_word' id='word_1_9' title='bbox 827 231 852 268; x_wconf 72' lang='lat' dir='ltr'>u.</span> <span class='ocrx_word' id='word_1_10' title='bbox 866 215 900 268; x_wconf 88' lang='lat' dir='ltr'>u.</span> <span class='ocrx_word' id='word_1_11' title='bbox 912 235 936 272; x_wconf 64' lang='grc' dir='ltr'>ο.</span> <span class='ocrx_word' id='word_1_12' title='bbox 949 213 1012 290; x_wconf 80' lang='lat' dir='ltr'>ssa]</span> <span class='ocrx_word' id='word_1_13' title='bbox 1067 208 1087 274; x_wconf 84' lang='lat'><strong>7</strong></span> 
     </span>
    </p>
   </div>
   <div class='ocr_carea' id='block_1_2' title="bbox 100 359 1171 3530">
    <p class='ocr_par' dir='ltr' id='par_1_2' title="bbox 100 359 1093 1094">
     <span class='ocr_line' id='line_1_2' title="bbox 100 359 1091 438; baseline -0.003 -13"><span class='ocrx_word' id='word_1_14' title='bbox 100 363 197 425; x_wconf 77' lang='lat' dir='ltr'>facile</span> <span class='ocrx_word' id='word_1_15' title='bbox 211 365 377 436; x_wconf 80' lang='lat' dir='ltr'><strong>appareret</strong></span> <span class='ocrx_word' id='word_1_16' title='bbox 390 359 420 420; x_wconf 92' lang='lat' dir='ltr'>in</span> <span class='ocrx_word' id='word_1_17' title='bbox 438 360 548 421; x_wconf 87' lang='lat' dir='ltr'>ducem</span> <span class='ocrx_word' id='word_1_18' title='bbox 563 360 769 436; x_wconf 82' lang='lat' dir='ltr'>indulgentem</span> <span class='ocrx_word' id='word_1_19' title='bbox 784 360 1041 438; x_wconf 88' lang='lat' dir='ltr'>ambitiosumque</span> <span class='ocrx_word' id='word_1_20' title='bbox 1052 379 1091 423; x_wconf 89' lang='lat' dir='ltr'>ea</span> 
     </span>
     <span class='ocr_line' id='line_1_3' title="bbox 100 443 1091 522; baseline -0.002 -14"><span class='ocrx_word' id='word_1_21' title='bbox 100 445 176 520; x_wconf 88' lang='lat' dir='ltr'>diei,</span> <span class='ocrx_word' id='word_1_22' title='bbox 192 443 379 520; x_wconf 90' lang='lat' dir='ltr'>triumphum</span> <span class='ocrx_word' id='word_1_23' title='bbox 394 459 466 503; x_wconf 91' lang='lat' dir='ltr'>esse</span> <span class='ocrx_word' id='word_1_24' title='bbox 481 444 599 504; x_wconf 87' lang='lat' dir='ltr'>militari</span> <span class='ocrx_word' id='word_1_25' title='bbox 613 444 711 520; x_wconf 82' lang='lat' dir='ltr'>magis</span> <span class='ocrx_word' id='word_1_26' title='bbox 726 446 833 506; x_wconf 88' lang='lat' dir='ltr'>lavore</span> <span class='ocrx_word' id='word_1_27' title='bbox 844 463 936 522; x_wconf 86' lang='lat' dir='ltr'>quam</span> <span class='ocrx_word' id='word_1_28' title='bbox 947 447 1091 522; x_wconf 88' lang='lat' dir='ltr'>populari</span> 
     </span>
     <span class='ocr_line' id='line_1_4' title="bbox 103 527 1091 606; baseline -0.001 -16"><span class='ocrx_word' id='word_1_29' title='bbox 103 529 271 590; x_wconf 80' lang='lat' dir='ltr'><strong>celebrem.</strong></span> <span class='ocrx_word' id='word_1_30' title='bbox 305 529 363 588; x_wconf 88' lang='lat' dir='ltr'>sed</span> <span class='ocrx_word' id='word_1_31' title='bbox 383 527 424 587; x_wconf 91' lang='lat' dir='ltr'>ad</span> <span class='ocrx_word' id='word_1_32' title='bbox 443 527 552 603; x_wconf 92' lang='lat' dir='ltr'>populi</span> <span class='ocrx_word' id='word_1_33' title='bbox 573 545 698 606; x_wconf 89' lang='lat' dir='ltr'>quoque</span> <span class='ocrx_word' id='word_1_34' title='bbox 718 530 846 605; x_wconf 76' lang='lat' dir='ltr'>gratiam</span> <span class='ocrx_word' id='word_1_35' title='bbox 868 530 1091 591; x_wconf 79' lang='lat' dir='ltr'>conciliandam</span> 
     </span>
     <span class='ocr_line' id='line_1_5' title="bbox 102 611 1089 688; baseline 0.001 -15"><span class='ocrx_word' id='word_1_36' title='bbox 102 612 198 674; x_wconf 87' lang='lat' dir='ltr'>amici</span> <span class='ocrx_word' id='word_1_37' title='bbox 212 611 316 672; x_wconf 89' lang='lat' dir='ltr'>Manlii</span> <span class='ocrx_word' id='word_1_38' title='bbox 330 612 506 681; x_wconf 87' lang='lat' dir='ltr'>valuerunt;</span> <span class='ocrx_word' id='word_1_39' title='bbox 529 612 641 688; x_wconf 89' lang='lat' dir='ltr'>quibus</span> <span class='ocrx_word' id='word_1_40' title='bbox 655 613 861 675; x_wconf 77' lang='lat' dir='ltr'>adnitentibus</span> <span class='ocrx_word' id='word_1_41' title='bbox 877 623 1002 676; x_wconf 90' lang='lat' dir='ltr'>senatus</span> <span class='ocrx_word' id='word_1_42' title='bbox 1018 630 1089 675; x_wconf 62' lang='lat' dir='ltr'>&lt;toun</span> 
     </span>
     <span class='ocr_line' id='line_1_6' title="bbox 102 697 1091 773; baseline 0.001 -15"><span class='ocrx_word' id='word_1_43' title='bbox 102 700 221 758; x_wconf 92' lang='lat' dir='ltr'>sultum</span> <span class='ocrx_word' id='word_1_44' title='bbox 237 699 349 757; x_wconf 89' lang='lat' dir='ltr'>lactum</span> <span class='ocrx_word' id='word_1_45' title='bbox 364 702 422 768; x_wconf 87' lang='lat' dir='ltr'>est,</span> <span class='ocrx_word' id='word_1_46' title='bbox 440 704 472 756; x_wconf 89' lang='lat' dir='ltr'>ut</span> <span class='ocrx_word' id='word_1_47' title='bbox 486 711 525 756; x_wconf 88' lang='lat' dir='ltr'>ex</span> <span class='ocrx_word' id='word_1_48' title='bbox 541 697 671 770; x_wconf 89' lang='lat' dir='ltr'>pecunia</span> <span class='ocrx_word' id='word_1_49' title='bbox 686 697 810 773; x_wconf 88' lang='lat' dir='ltr'>quaein</span> <span class='ocrx_word' id='word_1_50' title='bbox 825 697 978 773; x_wconf 86' lang='lat' dir='ltr'>triumpho</span> <span class='ocrx_word' id='word_1_51' title='bbox 993 706 1091 759; x_wconf 90' lang='lat' dir='ltr'>trans-</span> 
     </span>
     <span class='ocr_line' id='line_1_7' title="bbox 102 779 1093 858; baseline 0 -16"><span class='ocrx_word' id='word_1_52' title='bbox 102 783 168 842; x_wconf 87' lang='lat' dir='ltr'>lata</span> <span class='ocrx_word' id='word_1_53' title='bbox 180 779 469 854; x_wconf 79' lang='lat' dir='ltr'>essetstipendium</span> <span class='ocrx_word' id='word_1_54' title='bbox 479 781 621 840; x_wconf 88' lang='lat' dir='ltr'>collatum</span> <span class='ocrx_word' id='word_1_55' title='bbox 633 782 778 857; x_wconf 89' lang='lat' dir='ltr'>apopulo</span> <span class='ocrx_word' id='word_1_56' title='bbox 790 780 821 841; x_wconf 92' lang='lat' dir='ltr'>iu</span> <span class='ocrx_word' id='word_1_57' title='bbox 833 781 997 857; x_wconf 87' lang='lat' dir='ltr'>publicum,</span> <span class='ocrx_word' id='word_1_58' title='bbox 1007 783 1093 858; x_wconf 90' lang='lat' dir='ltr'>quod</span> 
     </span>
     <span class='ocr_line' id='line_1_8' title="bbox 104 864 1092 939; baseline 0 -14"><span class='ocrx_word' id='word_1_59' title='bbox 104 867 174 926; x_wconf 92' lang='lat' dir='ltr'>eius</span> <span class='ocrx_word' id='word_1_60' title='bbox 190 865 325 926; x_wconf 90' lang='lat' dir='ltr'>solutum</span> <span class='ocrx_word' id='word_1_61' title='bbox 339 870 431 924; x_wconf 89' lang='lat' dir='ltr'>antea</span> <span class='ocrx_word' id='word_1_62' title='bbox 445 879 507 924; x_wconf 90' lang='lat' dir='ltr'>non</span> <span class='ocrx_word' id='word_1_63' title='bbox 522 871 614 938; x_wconf 88' lang='lat' dir='ltr'>esset,</span> <span class='ocrx_word' id='word_1_64' title='bbox 629 867 809 926; x_wconf 90' lang='lat' dir='ltr'>solveretur.</span> <span class='ocrx_word' id='word_1_65' title='bbox 836 864 964 925; x_wconf 88' lang='lat' dir='ltr'>vicenos</span> <span class='ocrx_word' id='word_1_66' title='bbox 980 865 1092 939; x_wconf 90' lang='lat' dir='ltr'>quinos</span> 
     </span>
     <span class='ocr_line' id='line_1_9' title="bbox 103 945 1093 1022; baseline -0.001 -14"><span class='ocrx_word' id='word_1_67' title='bbox 103 957 137 1009; x_wconf 88' lang='lat' dir='ltr'>et</span> <span class='ocrx_word' id='word_1_68' title='bbox 156 947 310 1010; x_wconf 86' lang='lat' dir='ltr'>semisses</span> <span class='ocrx_word' id='word_1_69' title='bbox 331 947 364 1010; x_wconf 90' lang='lat' dir='ltr'>in</span> <span class='ocrx_word' id='word_1_70' title='bbox 376 945 460 1008; x_wconf 84' lang='lat' dir='ltr'>milia</span> <span class='ocrx_word' id='word_1_71' title='bbox 481 949 561 1008; x_wconf 87' lang='lat' dir='ltr'>aeris</span> <span class='ocrx_word' id='word_1_72' title='bbox 583 956 765 1022; x_wconf 86' lang='lat' dir='ltr'>quaestores</span> <span class='ocrx_word' id='word_1_73' title='bbox 779 947 888 1010; x_wconf 91' lang='lat' dir='ltr'>urbani</span> <span class='ocrx_word' id='word_1_74' title='bbox 903 965 971 1009; x_wconf 90' lang='lat' dir='ltr'>eum</span> <span class='ocrx_word' id='word_1_75' title='bbox 986 948 1048 1008; x_wconf 86' lang='lat' dir='ltr'>ilde</span> <span class='ocrx_word' id='word_1_76' title='bbox 1063 957 1093 1007; x_wconf 90' lang='lat' dir='ltr'>ct</span> 
     </span>
     <span class='ocr_line' id='line_1_10' title="bbox 104 1034 366 1094; baseline -0.019 0"><span class='ocrx_word' id='word_1_77' title='bbox 104 1049 183 1094; x_wconf 86' lang='lat' dir='ltr'>cura</span> <span class='ocrx_word' id='word_1_78' title='bbox 197 1034 366 1094; x_wconf 86' lang='lat' dir='ltr'>solverunt.</span> 
     </span>
    </p>

    <p class='ocr_par' dir='ltr' id='par_1_3' title="bbox 105 1114 1094 1608">
     <span class='ocr_line' id='line_1_11' title="bbox 191 1114 1092 1192; baseline 0 -16"><span class='ocrx_word' id='word_1_79' title='bbox 191 1117 250 1176; x_wconf 91' lang='lat' dir='ltr'>Per</span> <span class='ocrx_word' id='word_1_80' title='bbox 269 1115 350 1176; x_wconf 89' lang='lat' dir='ltr'>idem</span> <span class='ocrx_word' id='word_1_81' title='bbox 369 1123 491 1192; x_wconf 89' lang='lat' dir='ltr'>tempus</span> <span class='ocrx_word' id='word_1_82' title='bbox 505 1114 617 1176; x_wconf 86' lang='lat' dir='ltr'>tribuni</span> <span class='ocrx_word' id='word_1_83' title='bbox 631 1117 757 1177; x_wconf 91' lang='lat' dir='ltr'>militum</span> <span class='ocrx_word' id='word_1_84' title='bbox 771 1118 834 1179; x_wconf 89' lang='lat' dir='ltr'>duo</span> <span class='ocrx_word' id='word_1_85' title='bbox 849 1133 890 1177; x_wconf 90' lang='lat' dir='ltr'>ex</span> <span class='ocrx_word' id='word_1_86' title='bbox 905 1116 1025 1178; x_wconf 86' lang='lat' dir='ltr'>duabus</span> <span class='ocrx_word' id='word_1_87' title='bbox 1039 1116 1092 1176; x_wconf 88' lang='lat' dir='ltr'>Hi·</span> 
     </span>
     <span class='ocr_line' id='line_1_12' title="bbox 105 1199 1092 1276; baseline -0.001 -15"><span class='ocrx_word' id='word_1_88' title='bbox 105 1199 228 1275; x_wconf 87' lang='lat' dir='ltr'>spaniis</span> <span class='ocrx_word' id='word_1_89' title='bbox 244 1215 313 1259; x_wconf 90' lang='lat' dir='ltr'>eum</span> <span class='ocrx_word' id='word_1_90' title='bbox 327 1199 434 1260; x_wconf 89' lang='lat' dir='ltr'>litteris</span> <span class='ocrx_word' id='word_1_91' title='bbox 451 1200 482 1261; x_wconf 85' lang='lat' dir='ltr'>C.</span> <span class='ocrx_word' id='word_1_92' title='bbox 498 1199 592 1261; x_wconf 85' lang='lat' dir='ltr'>Atinii</span> <span class='ocrx_word' id='word_1_93' title='bbox 607 1209 637 1262; x_wconf 92' lang='lat' dir='ltr'>et</span> <span class='ocrx_word' id='word_1_94' title='bbox 650 1201 683 1260; x_wconf 91' lang='lat' dir='ltr'>L.</span> <span class='ocrx_word' id='word_1_95' title='bbox 698 1201 811 1272; x_wconf 88' lang='lat' dir='ltr'>Manlii,</span> <span class='ocrx_word' id='word_1_96' title='bbox 832 1201 885 1276; x_wconf 91' lang='lat' dir='ltr'>qui</span> <span class='ocrx_word' id='word_1_97' title='bbox 899 1215 953 1260; x_wconf 89' lang='lat' dir='ltr'>eas</span> <span class='ocrx_word' id='word_1_98' title='bbox 967 1199 1092 1276; x_wconf 92' lang='lat' dir='ltr'>provin-</span> 
     </span>
     <span class='ocr_line' id='line_1_13' title="bbox 106 1282 1092 1359; baseline -0.002 -15"><span class='ocrx_word' id='word_1_99' title='bbox 106 1285 174 1344; x_wconf 87' lang='lat' dir='ltr'>cias</span> <span class='ocrx_word' id='word_1_100' title='bbox 189 1283 375 1356; x_wconf 86' lang='lat' dir='ltr'>obtinebant,</span> <span class='ocrx_word' id='word_1_101' title='bbox 392 1293 550 1346; x_wconf 89' lang='lat' dir='ltr'>venerunt.</span> <span class='ocrx_word' id='word_1_102' title='bbox 573 1283 664 1344; x_wconf 90' lang='lat' dir='ltr'>exiis</span> <span class='ocrx_word' id='word_1_103' title='bbox 679 1285 786 1346; x_wconf 90' lang='lat' dir='ltr'>litteris</span> <span class='ocrx_word' id='word_1_104' title='bbox 802 1282 955 1359; x_wconf 76' lang='lat' dir='ltr'>cognitum</span> <span class='ocrx_word' id='word_1_105' title='bbox 967 1290 1015 1345; x_wconf 90' lang='lat' dir='ltr'>est</span> <span class='ocrx_word' id='word_1_106' title='bbox 1026 1282 1092 1344; x_wconf 82' lang='lat' dir='ltr'>Cel-</span> 
     </span>
     <span class='ocr_line' id='line_1_14' title="bbox 106 1366 1093 1444; baseline -0.001 -15"><span class='ocrx_word' id='word_1_107' title='bbox 106 1369 225 1430; x_wconf 88' lang='lat' dir='ltr'>tiberos</span> <span class='ocrx_word' id='word_1_108' title='bbox 245 1367 475 1444; x_wconf 86' lang='lat' dir='ltr'>Lusitanosque</span> <span class='ocrx_word' id='word_1_109' title='bbox 498 1366 644 1428; x_wconf 87' lang='lat' dir='ltr'>inarmis</span> <span class='ocrx_word' id='word_1_110' title='bbox 669 1383 741 1428; x_wconf 88' lang='lat' dir='ltr'>csse</span> <span class='ocrx_word' id='word_1_111' title='bbox 762 1375 794 1430; x_wconf 89' lang='lat' dir='ltr'>et</span> <span class='ocrx_word' id='word_1_112' title='bbox 818 1367 974 1428; x_wconf 90' lang='lat' dir='ltr'>sociorum</span> <span class='ocrx_word' id='word_1_113' title='bbox 999 1383 1093 1442; x_wconf 82' lang='lat' dir='ltr'>agros</span> 
     </span>
     <span class='ocr_line' id='line_1_15' title="bbox 106 1451 1094 1528; baseline -0.003 -15"><span class='ocrx_word' id='word_1_114' title='bbox 106 1452 262 1528; x_wconf 88' lang='lat' dir='ltr'>populari.</span> <span class='ocrx_word' id='word_1_115' title='bbox 290 1453 329 1511; x_wconf 89' lang='lat' dir='ltr'>de</span> <span class='ocrx_word' id='word_1_116' title='bbox 351 1467 390 1512; x_wconf 89' lang='lat' dir='ltr'>ea</span> <span class='ocrx_word' id='word_1_117' title='bbox 409 1469 443 1512; x_wconf 91' lang='lat' dir='ltr'>re</span> <span class='ocrx_word' id='word_1_118' title='bbox 467 1452 721 1512; x_wconf 85' lang='lat' dir='ltr'>consultationem</span> <span class='ocrx_word' id='word_1_119' title='bbox 740 1453 889 1526; x_wconf 83' lang='lat' dir='ltr'>integram</span> <span class='ocrx_word' id='word_1_120' title='bbox 910 1457 1036 1512; x_wconf 86' lang='lat' dir='ltr'>senatus</span> <span class='ocrx_word' id='word_1_121' title='bbox 1053 1451 1094 1510; x_wconf 90' lang='lat' dir='ltr'>ad</span> 
     </span>
     <span class='ocr_line' id='line_1_16' title="bbox 108 1535 552 1608; baseline -0.002 -13"><span class='ocrx_word' id='word_1_122' title='bbox 108 1551 211 1598; x_wconf 89' lang='lat' dir='ltr'>novos</span> <span class='ocrx_word' id='word_1_123' title='bbox 226 1535 423 1608; x_wconf 78' lang='lat' dir='ltr'>magistratus</span> <span class='ocrx_word' id='word_1_124' title='bbox 438 1535 552 1598; x_wconf 90' lang='lat' dir='ltr'>reiecit.</span> 
     </span>
    </p>

    <p class='ocr_par' dir='ltr' id='par_1_4' title="bbox 107 1617 1095 2266">
     <span class='ocr_line' id='line_1_17' title="bbox 192 1617 1094 1695; baseline -0.001 -16"><span class='ocrx_word' id='word_1_125' title='bbox 192 1618 288 1679; x_wconf 91' lang='lat' dir='ltr'>Ludis</span> <span class='ocrx_word' id='word_1_126' title='bbox 303 1619 450 1680; x_wconf 86' lang='lat' dir='ltr'>Romanis</span> <span class='ocrx_word' id='word_1_127' title='bbox 466 1636 502 1680; x_wconf 91' lang='lat' dir='ltr'>eo</span> <span class='ocrx_word' id='word_1_128' title='bbox 519 1637 609 1693; x_wconf 90' lang='lat' dir='ltr'>auno,</span> <span class='ocrx_word' id='word_1_129' title='bbox 626 1635 705 1695; x_wconf 90' lang='lat' dir='ltr'>quos</span> <span class='ocrx_word' id='word_1_130' title='bbox 719 1619 751 1678; x_wconf 88' lang='lat' dir='ltr'>P.</span> <span class='ocrx_word' id='word_1_131' title='bbox 766 1619 925 1680; x_wconf 84' lang='lat' dir='ltr'>Cornelius</span> <span class='ocrx_word' id='word_1_132' title='bbox 942 1617 1094 1692; x_wconf 86' lang='lat' dir='ltr'>Cethegus</span> 
     </span>
     <span class='ocr_line' id='line_1_18' title="bbox 108 1701 1093 1775; baseline -0.005 -9"><span class='ocrx_word' id='word_1_133' title='bbox 108 1709 147 1766; x_wconf 84' lang='grc' dir='ltr'>Α.</span> <span class='ocrx_word' id='word_1_134' title='bbox 162 1701 338 1764; x_wconf 89' lang='lat' dir='ltr'>Postumius</span> <span class='ocrx_word' id='word_1_135' title='bbox 353 1704 484 1766; x_wconf 88' lang='lat' dir='ltr'>Albinus</span> <span class='ocrx_word' id='word_1_136' title='bbox 500 1704 667 1775; x_wconf 85' lang='lat' dir='ltr'>iaciebant,</span> <span class='ocrx_word' id='word_1_137' title='bbox 686 1705 784 1764; x_wconf 87' lang='lat' dir='ltr'>malus</span> <span class='ocrx_word' id='word_1_138' title='bbox 799 1705 829 1762; x_wconf 92' lang='lat' dir='ltr'>in</span> <span class='ocrx_word' id='word_1_139' title='bbox 845 1703 928 1763; x_wconf 90' lang='lat' dir='ltr'>circo</span> <span class='ocrx_word' id='word_1_140' title='bbox 942 1701 1093 1761; x_wconf 91' lang='lat' dir='ltr'>instabilis</span> 
     </span>
     <span class='ocr_line' id='line_1_19' title="bbox 107 1784 1095 1862; baseline -0.003 -15"><span class='ocrx_word' id='word_1_141' title='bbox 107 1787 139 1847; x_wconf 90' lang='lat' dir='ltr'>in</span> <span class='ocrx_word' id='word_1_142' title='bbox 155 1787 277 1862; x_wconf 80' lang='lat' dir='ltr'>signum</span> <span class='ocrx_word' id='word_1_143' title='bbox 289 1785 455 1849; x_wconf 90' lang='lat' dir='ltr'>Pollentiae</span> <span class='ocrx_word' id='word_1_144' title='bbox 468 1787 599 1862; x_wconf 84' lang='lat' dir='ltr'>procidit</span> <span class='ocrx_word' id='word_1_145' title='bbox 611 1794 703 1862; x_wconf 88' lang='lat' dir='ltr'>alque</span> <span class='ocrx_word' id='word_1_146' title='bbox 714 1785 745 1846; x_wconf 92' lang='lat' dir='ltr'>id</span> <span class='ocrx_word' id='word_1_147' title='bbox 757 1786 875 1848; x_wconf 88' lang='lat' dir='ltr'>deiecit.</span> <span class='ocrx_word' id='word_1_148' title='bbox 899 1802 937 1846; x_wconf 87' lang='lat' dir='ltr'>ea</span> <span class='ocrx_word' id='word_1_149' title='bbox 947 1784 1095 1858; x_wconf 81' lang='lat' dir='ltr'>religione</span> 
     </span>
     <span class='ocr_line' id='line_1_20' title="bbox 109 1867 1094 1946; baseline -0.005 -15"><span class='ocrx_word' id='word_1_150' title='bbox 109 1871 186 1932; x_wconf 90' lang='lat' dir='ltr'>moti</span> <span class='ocrx_word' id='word_1_151' title='bbox 208 1877 311 1946; x_wconf 90' lang='lat' dir='ltr'>patres</span> <span class='ocrx_word' id='word_1_152' title='bbox 327 1878 357 1930; x_wconf 90' lang='lat' dir='ltr'>et</span> <span class='ocrx_word' id='word_1_153' title='bbox 372 1870 453 1931; x_wconf 91' lang='lat' dir='ltr'>diem</span> <span class='ocrx_word' id='word_1_154' title='bbox 473 1889 569 1932; x_wconf 90' lang='lat' dir='ltr'>uuum</span> <span class='ocrx_word' id='word_1_155' title='bbox 591 1870 783 1931; x_wconf 91' lang='lat' dir='ltr'>adiciendum</span> <span class='ocrx_word' id='word_1_156' title='bbox 801 1870 941 1930; x_wconf 87' lang='lat' dir='ltr'>ludorum</span> <span class='ocrx_word' id='word_1_157' title='bbox 955 1867 1094 1946; x_wconf 89' lang='lat' dir='ltr'>[celebri-</span> 
     </span>
     <span class='ocr_line' id='line_1_21' title="bbox 109 1954 1094 2033; baseline -0.004 -17"><span class='ocrx_word' id='word_1_158' title='bbox 109 1955 176 2033; x_wconf 90' lang='lat' dir='ltr'>tati]</span> <span class='ocrx_word' id='word_1_159' title='bbox 191 1962 394 2028; x_wconf 88' lang='lat' dir='ltr'>censuerunt‚</span> <span class='ocrx_word' id='word_1_160' title='bbox 417 1963 448 2015; x_wconf 88' lang='lat' dir='ltr'>et</span> <span class='ocrx_word' id='word_1_161' title='bbox 462 1956 550 2030; x_wconf 80' lang='lat' dir='ltr'>signa</span> <span class='ocrx_word' id='word_1_162' title='bbox 566 1956 627 2018; x_wconf 89' lang='lat' dir='ltr'>duo</span> <span class='ocrx_word' id='word_1_163' title='bbox 644 1971 699 2029; x_wconf 90' lang='lat' dir='ltr'>pro</span> <span class='ocrx_word' id='word_1_164' title='bbox 714 1971 777 2014; x_wconf 90' lang='lat' dir='ltr'>uuo</span> <span class='ocrx_word' id='word_1_165' title='bbox 792 1954 980 2028; x_wconf 87' lang='lat' dir='ltr'>reponenda,</span> <span class='ocrx_word' id='word_1_166' title='bbox 996 1959 1026 2012; x_wconf 91' lang='lat' dir='ltr'>et</span> <span class='ocrx_word' id='word_1_167' title='bbox 1040 1967 1094 2012; x_wconf 93' lang='lat' dir='ltr'>uo-</span> 
     </span>
     <span class='ocr_line' id='line_1_22' title="bbox 108 2033 1094 2114; baseline -0.006 -16"><span class='ocrx_word' id='word_1_168' title='bbox 108 2055 183 2100; x_wconf 90' lang='lat' dir='ltr'>vum</span> <span class='ocrx_word' id='word_1_169' title='bbox 203 2047 341 2100; x_wconf 88' lang='lat' dir='ltr'>auratum</span> <span class='ocrx_word' id='word_1_170' title='bbox 362 2039 544 2099; x_wconf 87' lang='lat' dir='ltr'>laciendum.</span> <span class='ocrx_word' id='word_1_171' title='bbox 575 2047 606 2100; x_wconf 92' lang='lat' dir='ltr'>et</span> <span class='ocrx_word' id='word_1_172' title='bbox 625 2037 736 2114; x_wconf 85' lang='lat' dir='ltr'>plebeii</span> <span class='ocrx_word' id='word_1_173' title='bbox 756 2038 819 2099; x_wconf 93' lang='lat' dir='ltr'>ludi</span> <span class='ocrx_word' id='word_1_174' title='bbox 840 2037 879 2098; x_wconf 93' lang='lat' dir='ltr'>ab</span> <span class='ocrx_word' id='word_1_175' title='bbox 893 2037 1045 2098; x_wconf 87' lang='lat' dir='ltr'>aedilibus</span> <span class='ocrx_word' id='word_1_176' title='bbox 1062 2033 1094 2096; x_wconf 82' lang='lat' dir='ltr'>C.</span> 
     </span>
     <span class='ocr_line' id='line_1_23' title="bbox 110 2120 1094 2197; baseline -0.005 -15"><span class='ocrx_word' id='word_1_177' title='bbox 110 2121 296 2197; x_wconf 89' lang='lat' dir='ltr'>Sempronio</span> <span class='ocrx_word' id='word_1_178' title='bbox 310 2124 423 2184; x_wconf 86' lang='lat' dir='ltr'>Blaeso</span> <span class='ocrx_word' id='word_1_179' title='bbox 444 2131 474 2184; x_wconf 90' lang='lat' dir='ltr'>et</span> <span class='ocrx_word' id='word_1_180' title='bbox 487 2123 527 2182; x_wconf 89' lang='lat' dir='ltr'>M.</span> <span class='ocrx_word' id='word_1_181' title='bbox 542 2123 633 2183; x_wconf 87' lang='lat' dir='ltr'>Furio</span> <span class='ocrx_word' id='word_1_182' title='bbox 647 2123 750 2182; x_wconf 89' lang='lat' dir='ltr'>Lusco</span> <span class='ocrx_word' id='word_1_183' title='bbox 772 2121 852 2180; x_wconf 91' lang='lat' dir='ltr'>diem</span> <span class='ocrx_word' id='word_1_184' title='bbox 872 2137 967 2182; x_wconf 91' lang='lat' dir='ltr'>unum</span> <span class='ocrx_word' id='word_1_185' title='bbox 981 2120 1094 2178; x_wconf 88' lang='lat' dir='ltr'>instau-</span> 
     </span>
     <span class='ocr_line' id='line_1_24' title="bbox 109 2207 263 2266; baseline -0.019 0"><span class='ocrx_word' id='word_1_186' title='bbox 109 2207 167 2266; x_wconf 91' lang='lat' dir='ltr'>rati</span> <span class='ocrx_word' id='word_1_187' title='bbox 181 2214 263 2266; x_wconf 91' lang='lat' dir='ltr'>sunt.</span> 
     </span>
    </p>

    <p class='ocr_par' dir='ltr' id='par_1_5' title="bbox 110 2283 1171 3530">
     <span class='ocr_line' id='line_1_25' title="bbox 197 2283 1095 2365; baseline -0.008 -16"><span class='ocrx_word' id='word_1_188' title='bbox 197 2290 276 2349; x_wconf 86' lang='lat' dir='ltr'>Vlll.</span> <span class='ocrx_word' id='word_1_189' title='bbox 296 2289 469 2365; x_wconf 89' lang='lat' dir='ltr'>insequens</span> <span class='ocrx_word' id='word_1_190' title='bbox 490 2305 588 2352; x_wconf 90' lang='lat' dir='ltr'>annus</span> <span class='ocrx_word' id='word_1_191' title='bbox 604 2283 1095 2363; x_wconf 70' lang='lat' dir='ltr'>Speostumiumrllbinumeto.</span> 
     </span>
     <span class='ocr_line' id='line_1_26' title="bbox 110 2368 1096 2448; baseline -0.007 -15"><span class='ocrx_word' id='word_1_192' title='bbox 110 2373 258 2434; x_wconf 87' lang='lat' dir='ltr'>Marcium</span> <span class='ocrx_word' id='word_1_193' title='bbox 273 2372 447 2448; x_wconf 84' lang='lat' dir='ltr'>Philippum</span> <span class='ocrx_word' id='word_1_194' title='bbox 468 2372 613 2434; x_wconf 87' lang='lat' dir='ltr'>consules</span> <span class='ocrx_word' id='word_1_195' title='bbox 633 2371 672 2432; x_wconf 91' lang='lat' dir='ltr'>ab</span> <span class='ocrx_word' id='word_1_196' title='bbox 687 2371 823 2432; x_wconf 86' lang='lat' dir='ltr'>exercitu</span> <span class='ocrx_word' id='word_1_197' title='bbox 837 2368 1050 2442; x_wconf 89' lang='lat' dir='ltr'>bellorumque</span> <span class='ocrx_word' id='word_1_198' title='bbox 1065 2373 1096 2426; x_wconf 92' lang='lat' dir='ltr'>et</span> 
     </span>
     <span class='ocr_line' id='line_1_27' title="bbox 110 2449 1096 2534; baseline -0.006 -18"><span class='ocrx_word' id='word_1_199' title='bbox 110 2455 339 2534; x_wconf 78' lang='lat' dir='ltr'>provinciarum</span> <span class='ocrx_word' id='word_1_200' title='bbox 361 2473 434 2517; x_wconf 87' lang='lat' dir='ltr'>cura</span> <span class='ocrx_word' id='word_1_201' title='bbox 456 2457 497 2518; x_wconf 91' lang='lat' dir='ltr'>ad</span> <span class='ocrx_word' id='word_1_202' title='bbox 518 2455 677 2516; x_wconf 86' lang='lat' dir='ltr'>intestinae</span> <span class='ocrx_word' id='word_1_203' title='bbox 696 2453 916 2516; x_wconf 90' lang='lat' dir='ltr'>coniurationis</span> <span class='ocrx_word' id='word_1_204' title='bbox 932 2449 1096 2511; x_wconf 87' lang='lat' dir='ltr'>vindictam</span> 
     </span>
     <span class='ocr_line' id='line_1_28' title="bbox 112 2535 1120 2614; baseline -0.007 -13"><span class='ocrx_word' id='word_1_205' title='bbox 112 2539 231 2601; x_wconf 84' lang='lat' dir='ltr'>avertit.</span> <span class='ocrx_word' id='word_1_206' title='bbox 262 2548 420 2614; x_wconf 88' lang='lat' dir='ltr'>praetores</span> <span class='ocrx_word' id='word_1_207' title='bbox 437 2540 611 2614; x_wconf 84' lang='lat' dir='ltr'>provincias</span> <span class='ocrx_word' id='word_1_208' title='bbox 625 2538 722 2599; x_wconf 88' lang='lat' dir='ltr'>sortiti</span> <span class='ocrx_word' id='word_1_209' title='bbox 738 2544 823 2610; x_wconf 87' lang='lat' dir='ltr'>suut,</span> <span class='ocrx_word' id='word_1_210' title='bbox 844 2537 876 2596; x_wconf 88' lang='lat' dir='ltr'>T.</span> <span class='ocrx_word' id='word_1_211' title='bbox 891 2535 1030 2596; x_wconf 86' lang='lat' dir='ltr'>Maenius</span> <span class='ocrx_word' id='word_1_212' title='bbox 1045 2551 1096 2594; x_wconf 91' lang='lat' dir='ltr'>ur·</span> <span class='ocrx_word' id='word_1_213' title='bbox 1119 2610 1120 2614; x_wconf 7' lang='grc' dir='ltr'><strong>Ἰ</strong></span> 
     </span>
     <span class='ocr_line' id='line_1_29' title="bbox 113 2615 1095 2697; baseline -0.009 -12"><span class='ocrx_word' id='word_1_214' title='bbox 113 2625 240 2697; x_wconf 83' lang='lat' dir='ltr'>banam,</span> <span class='ocrx_word' id='word_1_215' title='bbox 255 2623 295 2683; x_wconf 88' lang='grc' dir='ltr'>Μ.</span> <span class='ocrx_word' id='word_1_216' title='bbox 311 2624 445 2684; x_wconf 90' lang='lat' dir='ltr'>Licinius</span> <span class='ocrx_word' id='word_1_217' title='bbox 460 2624 605 2684; x_wconf 90' lang='lat' dir='ltr'>Lucullus</span> <span class='ocrx_word' id='word_1_218' title='bbox 620 2623 696 2684; x_wconf 87' lang='lat' dir='ltr'>iuter</span> <span class='ocrx_word' id='word_1_219' title='bbox 711 2623 795 2681; x_wconf 84' lang='lat' dir='ltr'>ciues</span> <span class='ocrx_word' id='word_1_220' title='bbox 810 2627 841 2680; x_wconf 91' lang='lat' dir='ltr'>et</span> <span class='ocrx_word' id='word_1_221' title='bbox 856 2617 1047 2696; x_wconf 80' lang='lat' dir='ltr'>peregrinos,</span> <span class='ocrx_word' id='word_1_222' title='bbox 1063 2615 1095 2678; x_wconf 81' lang='lat' dir='ltr'>C.</span> 
     </span>
     <span class='ocr_line' id='line_1_30' title="bbox 111 2701 1096 2778; baseline -0.005 -11"><span class='ocrx_word' id='word_1_223' title='bbox 111 2708 257 2768; x_wconf 84' lang='lat' dir='ltr'>Aurelius</span> <span class='ocrx_word' id='word_1_224' title='bbox 273 2706 411 2768; x_wconf 86' lang='lat' dir='ltr'>Scaurus</span> <span class='ocrx_word' id='word_1_225' title='bbox 426 2707 612 2778; x_wconf 87' lang='lat' dir='ltr'>Sardiniam,</span> <span class='ocrx_word' id='word_1_226' title='bbox 627 2706 659 2765; x_wconf 90' lang='lat' dir='ltr'>P.</span> <span class='ocrx_word' id='word_1_227' title='bbox 676 2705 834 2767; x_wconf 82' lang='lat' dir='ltr'>Cornelius</span> <span class='ocrx_word' id='word_1_228' title='bbox 851 2703 936 2764; x_wconf 88' lang='lat' dir='ltr'>Sulla</span> <span class='ocrx_word' id='word_1_229' title='bbox 951 2701 1096 2777; x_wconf 84' lang='lat' dir='ltr'>Siciliam,</span> 
     </span>
     <span class='ocr_line' id='line_1_31' title="bbox 111 2785 1095 2870; baseline -0.007 -19"><span class='ocrx_word' id='word_1_230' title='bbox 111 2792 146 2851; x_wconf 90' lang='lat' dir='ltr'>L.</span> <span class='ocrx_word' id='word_1_231' title='bbox 161 2789 322 2870; x_wconf 79' lang='lat' dir='ltr'>Quinctius</span> <span class='ocrx_word' id='word_1_232' title='bbox 343 2791 501 2864; x_wconf 85' lang='lat' dir='ltr'>Crispinus</span> <span class='ocrx_word' id='word_1_233' title='bbox 515 2791 695 2864; x_wconf 90' lang='lat' dir='ltr'>Hispaniam</span> <span class='ocrx_word' id='word_1_234' title='bbox 715 2787 902 2860; x_wconf 88' lang='lat' dir='ltr'>citeriorem,</span> <span class='ocrx_word' id='word_1_235' title='bbox 924 2787 954 2846; x_wconf 83' lang='lat' dir='ltr'>C.</span> <span class='ocrx_word' id='word_1_236' title='bbox 971 2785 1095 2859; x_wconf 86' lang='lat' dir='ltr'>calpur-</span> 
     </span>
     <span class='ocr_line' id='line_1_32' title="bbox 113 2867 1171 2950; baseline -0.009 -14"><span class='ocrx_word' id='word_1_237' title='bbox 113 2875 183 2936; x_wconf 90' lang='lat' dir='ltr'>nius</span> <span class='ocrx_word' id='word_1_238' title='bbox 207 2875 281 2936; x_wconf 93' lang='lat' dir='ltr'>Piso</span> <span class='ocrx_word' id='word_1_239' title='bbox 305 2875 485 2950; x_wconf 90' lang='lat' dir='ltr'>Hispaniam</span> <span class='ocrx_word' id='word_1_240' title='bbox 513 2873 695 2935; x_wconf 89' lang='lat' dir='ltr'>ulteriorem.</span> <span class='ocrx_word' id='word_1_241' title='bbox 733 2869 914 2933; x_wconf 90' lang='lat' dir='ltr'>consulibus</span> <span class='ocrx_word' id='word_1_242' title='bbox 943 2867 1095 2929; x_wconf 88' lang='lat' dir='ltr'>ambobus</span> <span class='ocrx_word' id='word_1_243' title='bbox 1169 2869 1171 2872; x_wconf 81' lang='grc'><strong>’</strong></span> 
     </span>
     <span class='ocr_line' id='line_1_33' title="bbox 113 2951 1095 3036; baseline -0.01 -16"><span class='ocrx_word' id='word_1_244' title='bbox 113 2958 256 3036; x_wconf 90' lang='lat' dir='ltr'>quaestio</span> <span class='ocrx_word' id='word_1_245' title='bbox 264 2961 304 3018; x_wconf 89' lang='lat' dir='ltr'>de</span> <span class='ocrx_word' id='word_1_246' title='bbox 316 2957 514 3020; x_wconf 87' lang='lat' dir='ltr'>clandestinis</span> <span class='ocrx_word' id='word_1_247' title='bbox 526 2956 788 3018; x_wconf 88' lang='lat' dir='ltr'>coniurationibus</span> <span class='ocrx_word' id='word_1_248' title='bbox 796 2955 920 3015; x_wconf 84' lang='lat' dir='ltr'>decreta</span> <span class='ocrx_word' id='word_1_249' title='bbox 931 2959 987 3014; x_wconf 89' lang='lat' dir='ltr'>est.</span> <span class='ocrx_word' id='word_1_250' title='bbox 1004 2951 1095 3012; x_wconf 88' lang='lat' dir='ltr'>Gree-</span> 
     </span>
     <span class='ocr_line' id='line_1_34' title="bbox 115 3038 1097 3118; baseline -0.007 -15"><span class='ocrx_word' id='word_1_251' title='bbox 115 3059 171 3103; x_wconf 89' lang='lat' dir='ltr'>cus</span> <span class='ocrx_word' id='word_1_252' title='bbox 191 3041 336 3118; x_wconf 80' lang='lat' dir='ltr'>ignobilis</span> <span class='ocrx_word' id='word_1_253' title='bbox 356 3043 386 3102; x_wconf 95' lang='lat' dir='ltr'>in</span> <span class='ocrx_word' id='word_1_254' title='bbox 409 3043 558 3103; x_wconf 82' lang='lat' dir='ltr'>Etruriam</span> <span class='ocrx_word' id='word_1_255' title='bbox 584 3041 714 3116; x_wconf 92' lang='lat' dir='ltr'>primurn</span> <span class='ocrx_word' id='word_1_256' title='bbox 734 3038 818 3099; x_wconf 91' lang='lat' dir='ltr'>venit</span> <span class='ocrx_word' id='word_1_257' title='bbox 838 3039 921 3098; x_wconf 91' lang='lat' dir='ltr'>nulla</span> <span class='ocrx_word' id='word_1_258' title='bbox 941 3053 1011 3098; x_wconf 91' lang='lat' dir='ltr'>cum</span> <span class='ocrx_word' id='word_1_259' title='bbox 1031 3041 1097 3096; x_wconf 84' lang='lat' dir='ltr'>arte</span> 
     </span>
     <span class='ocr_line' id='line_1_35' title="bbox 115 3121 1098 3202; baseline -0.007 -16"><span class='ocrx_word' id='word_1_260' title='bbox 115 3142 235 3201; x_wconf 88' lang='lat' dir='ltr'>earum,</span> <span class='ocrx_word' id='word_1_261' title='bbox 256 3143 335 3202; x_wconf 87' lang='lat' dir='ltr'>quas</span> <span class='ocrx_word' id='word_1_262' title='bbox 356 3128 466 3187; x_wconf 87' lang='lat' dir='ltr'>multas</span> <span class='ocrx_word' id='word_1_263' title='bbox 487 3125 527 3184; x_wconf 91' lang='lat' dir='ltr'>ad</span> <span class='ocrx_word' id='word_1_264' title='bbox 547 3125 715 3186; x_wconf 90' lang='lat' dir='ltr'>animorum</span> <span class='ocrx_word' id='word_1_265' title='bbox 737 3137 963 3197; x_wconf 89' lang='lat' dir='ltr'>corporumque</span> <span class='ocrx_word' id='word_1_266' title='bbox 984 3121 1098 3180; x_wconf 89' lang='lat' dir='ltr'>cultum</span> 
     </span>
     <span class='ocr_line' id='line_1_36' title="bbox 115 3205 1098 3282; baseline -0.008 -14"><span class='ocrx_word' id='word_1_267' title='bbox 115 3209 205 3270; x_wconf 90' lang='lat' dir='ltr'>nobis</span> <span class='ocrx_word' id='word_1_268' title='bbox 230 3210 436 3270; x_wconf 89' lang='lat' dir='ltr'>eruditissima</span> <span class='ocrx_word' id='word_1_269' title='bbox 457 3207 589 3270; x_wconf 89' lang='lat' dir='ltr'>omnium</span> <span class='ocrx_word' id='word_1_270' title='bbox 609 3223 686 3282; x_wconf 75' lang='lat' dir='ltr'>gens</span> <span class='ocrx_word' id='word_1_271' title='bbox 704 3207 835 3282; x_wconf 85' lang='lat' dir='ltr'>invexit,</span> <span class='ocrx_word' id='word_1_272' title='bbox 855 3205 1047 3266; x_wconf 81' lang='lat' dir='ltr'>sacrificulus</span> <span class='ocrx_word' id='word_1_273' title='bbox 1067 3209 1098 3262; x_wconf 87' lang='lat' dir='ltr'>et</span> 
     </span>
     <span class='ocr_line' id='line_1_37' title="bbox 115 3291 1097 3368; baseline -0.007 -18"><span class='ocrx_word' id='word_1_274' title='bbox 115 3300 220 3363; x_wconf 87' lang='lat' dir='ltr'>vates;</span> <span class='ocrx_word' id='word_1_275' title='bbox 242 3309 300 3353; x_wconf 89' lang='lat' dir='ltr'>nec</span> <span class='ocrx_word' id='word_1_276' title='bbox 315 3293 341 3354; x_wconf 92' lang='lat' dir='ltr'>is</span> <span class='ocrx_word' id='word_1_277' title='bbox 357 3293 409 3368; x_wconf 92' lang='lat' dir='ltr'>qui</span> <span class='ocrx_word' id='word_1_278' title='bbox 424 3299 529 3368; x_wconf 87' lang='lat' dir='ltr'>aperta</span> <span class='ocrx_word' id='word_1_279' title='bbox 544 3291 699 3365; x_wconf 83' lang='lat' dir='ltr'>religione,</span> <span class='ocrx_word' id='word_1_280' title='bbox 714 3291 875 3367; x_wconf 89' lang='lat' dir='ltr'>propalam</span> <span class='ocrx_word' id='word_1_281' title='bbox 890 3298 920 3350; x_wconf 88' lang='lat' dir='ltr'>el</span> <span class='ocrx_word' id='word_1_282' title='bbox 935 3293 1097 3364; x_wconf 88' lang='lat' dir='ltr'>quaestum</span> 
     </span>
     <span class='ocr_line' id='line_1_38' title="bbox 114 3367 1099 3452; baseline -0.007 -17"><span class='ocrx_word' id='word_1_283' title='bbox 114 3383 146 3436; x_wconf 84' lang='lat' dir='ltr'>et</span> <span class='ocrx_word' id='word_1_284' title='bbox 164 3376 357 3452; x_wconf 89' lang='lat' dir='ltr'>disciplinam</span> <span class='ocrx_word' id='word_1_285' title='bbox 380 3377 566 3452; x_wconf 83' lang='lat' dir='ltr'>profitendo,</span> <span class='ocrx_word' id='word_1_286' title='bbox 591 3375 711 3436; x_wconf 90' lang='lat' dir='ltr'>animos</span> <span class='ocrx_word' id='word_1_287' title='bbox 732 3389 835 3435; x_wconf 87' lang='lat' dir='ltr'>errore</span> <span class='ocrx_word' id='word_1_288' title='bbox 855 3372 1018 3443; x_wconf 85' lang='lat' dir='ltr'>imbueret,</span> <span class='ocrx_word' id='word_1_289' title='bbox 1039 3367 1099 3430; x_wconf 88' lang='lat' dir='ltr'>sed</span> 
     </span>
     <span class='ocr_line' id='line_1_39' title="bbox 114 3455 1099 3530; baseline -0.011 -8"><span class='ocrx_word' id='word_1_290' title='bbox 114 3455 1099 3530; x_wconf 67' lang='lat' dir='ltr'>secuturumctnoctumorumanristessacrorummitiaeraut</span> 
     </span>
    </p>
   </div>
   <div class='ocr_carea' id='block_1_3' title="bbox 0 0 1318 3964">
    <p class='ocr_par' dir='ltr' id='par_1_6' title="bbox 0 0 1318 3964">
     <span class='ocr_line' id='line_1_40' title="bbox 0 0 1318 3964; baseline 0 0"><span class='ocrx_word' id='word_1_291' title='bbox 0 0 1318 3964; x_wconf 95' lang='lat' dir='ltr'> </span> 
     </span>
    </p>
   </div>
  </div>
 </body>
</html>
