2574 3954
296 219 412 279 amun
426 218 516 278 xnv.
540 219 623 280 cnr.
637 229 703 282 aa.
725 222 880 300 [namq
1015 221 1077 288 aas

90 371 123 432 in
145 365 329 429 Macedonia
347 375 516 444 pugnaturn
536 375 593 429 est.
628 369 665 430 ll.
691 377 817 447 postero
838 373 889 434 die
905 381 1031 436 senatus
1046 377 1076 438 in

89 452 178 514 auria
190 450 323 525 habitus,
337 449 643 528 supplicationesque
658 453 808 530 decretae,
824 464 854 518 et
865 465 991 519 senatus
1003 474 1076 520 con-

91 539 205 601 suttum
219 535 333 597 lactum
347 542 404 609 est,
425 541 458 596 ut
471 537 588 610 consul,
601 553 681 613 quos
695 545 819 614 praeter
832 540 941 602 milites
957 543 1076 606 socios-

90 637 155 698 que
170 619 298 680 navales
312 616 490 680 coniuratos
504 618 648 696 haberet,
669 620 846 685 dimitterata
879 624 917 684 de
932 625 1076 688 militibus

89 703 252 779 sociisque
264 701 426 764 navalibus
441 702 628 766 dimittendis
641 705 821 782 referretur,
842 721 911 768 curn
932 709 1075 784 legati'ab

90 787 126 848 L.
140 785 272 847 Aemilio
284 787 420 861 consule,
438 787 581 862 aquibus
593 788 784 863 praemissus
795 789 971 852 tabellarius
983 799 1076 868 esset,

89 869 260 932 venissent
282 869 449 932 antediem
469 877 589 933 sextum
608 869 677 932 Kal.
694 870 843 934 Octobres
857 873 934 936 hora
948 875 1013 936 lere
1027 892 1076 938 se-

88 953 195 1016 cunda
208 954 300 1029 legati
313 954 420 1015 urbem
434 953 567 1031 ingressi
580 961 667 1017 sunt:
683 955 836 1031 ingentem
847 959 956 1019 secum
968 961 1075 1021 occur-

88 1037 236 1110 rentium,
259 1052 453 1114 quacumque
466 1039 564 1113 ibant,
589 1039 906 1118 prosequentiumque
920 1042 1075 1104 trahentes

89 1121 212 1183 turbam
225 1118 258 1182 in
272 1121 371 1182 lorum
386 1121 427 1182 ad
441 1123 557 1184 curiam
577 1132 787 1199 perrexerunt.
810 1133 936 1187 senatus
952 1127 1029 1189 torte
1044 1129 1075 1187 in

90 1205 177 1266 curia
190 1210 271 1267 eran
299 1220 337 1267 eo
352 1205 470 1280 legatos
485 1206 594 1268 consul
608 1207 785 1269 introduxit.
816 1208 858 1270 ibi
870 1216 988 1271 tanturn
1000 1217 1075 1272 tem-

90 1287 179 1366 poris
193 1288 312 1364 retenti,
326 1289 398 1350 dum
414 1298 606 1366 exponerent
621 1299 754 1367 quantae
771 1292 876 1367 regiae
897 1292 1007 1367 copiae
1021 1310 1074 1369 pe·

89 1371 188 1434 ditum
203 1371 403 1449 equitumque
416 1372 562 1448 luissent,
579 1379 654 1450 quot
668 1374 751 1434 milia
765 1391 805 1436 ex
818 1373 867 1436 his
883 1391 984 1450 caesa,
1001 1384 1073 1453 quot

88 1456 297 1532 captatorem,
311 1472 403 1533 quam
414 1457 714 1531 paucorummilitum
724 1456 841 1520 iactura
851 1459 1074 1522 tantahostium

91 1547 211 1616 strages
227 1541 316 1616 lacta,
332 1555 424 1618 quam
445 1557 514 1602 cum
535 1540 644 1618 paucis
662 1556 720 1602 rex
739 1541 883 1618 lbgisset,
908 1543 1075 1606 existimari

90 1623 332 1686 Samothraciam
347 1625 520 1700 petiturum,
537 1631 673 1702 paratam
688 1624 820 1687 classem
833 1627 874 1687 ad
885 1641 1074 1704 persequen-

89 1709 266 1784 domasse,
292 1723 394 1785 neque
418 1717 500 1771 terra
519 1725 622 1787 neque
642 1709 718 1772 mari
734 1710 814 1771 elabi
828 1725 940 1786 posse;
966 1712 1075 1773 eadem

89 1790 168 1854 haec
183 1793 276 1869 paulo
290 1799 364 1869 post
376 1792 407 1853 in
428 1793 602 1854 contionem
621 1792 751 1855 baducti
776 1801 1001 1868 exposuerunt;
1026 1812 1074 1856 re-

88 1884 265 1952 novataque
281 1875 402 1948 laetitia,
418 1891 487 1937 cum
502 1877 611 1939 consul
625 1875 789 1948 edixisset,
810 1884 845 1939 ut
858 1892 966 1938 omnes
980 1879 1075 1940 aedes

91 1975 200 2022 sacrae
214 1959 414 2035 aperirentur,
428 1975 485 2036 pro
501 1977 537 2022 se
552 1961 685 2037 quisque
699 1975 739 2021 ex
753 1961 896 2024 contione
909 1961 950 2022 ad
961 1962 1074 2036 gratias

90 2043 229 2120 agendas
243 2043 288 2102 ire
302 2041 378 2116 diis,
398 2041 574 2119 ingentique
588 2043 677 2105 turba
691 2059 753 2106 non
762 2043 898 2106 virorum
914 2046 1007 2107 mado
1018 2046 1075 2108 sed

88 2126 183 2188 etiam
198 2123 378 2185 laminarum
393 2126 531 2187 conferta
543 2133 609 2188 tota
621 2126 698 2187 urbe
719 2126 847 2188 deorum
863 2127 1075 2190 immortalium

89 2208 218 2286 templa..
246 2214 373 2270 senatus
391 2217 556 2270 revocatus
577 2207 609 2269 in
631 2209 747 2269 curiam
767 2209 1010 2283 supplicationes
1035 2210 1076 2272 ob

89 2309 155 2355 rem
168 2291 294 2369 egregie
303 2298 423 2368 gestam
437 2290 522 2369 abL.
533 2291 664 2354 Aemilio
676 2291 846 2353 consulein
860 2292 997 2368 quinque
1008 2292 1075 2354 dies

89 2379 173 2439 circa
202 2376 304 2438 omnia
331 2375 504 2451 pulvinaria
528 2375 679 2451 decrevit,
707 2374 880 2452 hostiisque
908 2373 1075 2438 maioribus

91 2458 260 2524 sacrificari
280 2460 379 2522 iussit.
415 2476 512 2522 naves
538 2475 620 2537 quae
640 2459 672 2520 in
698 2459 798 2520 Tiberi
818 2466 945 2535 paratae
964 2459 1075 2522 instru-

89 2553 221 2622 ctaeque
236 2544 366 2618 stabant,
382 2550 416 2606 ut
427 2543 454 2604 si
464 2558 521 2604 rex
531 2551 641 2619 posset
651 2543 807 2618 resistere,
822 2542 853 2604 in
859 2543 1075 2607 Macedoniam

90 2627 288 2703 mitterentur,
309 2626 442 2690 subduci
456 2628 530 2688 etin
545 2628 706 2690 navalibus
721 2627 881 2703 collocari,
902 2629 1008 2690 socios
1021 2645 1077 2690 na-

90 2713 177 2773 tales
192 2712 264 2773 dato
281 2727 383 2773 annuo
398 2711 553 2787 stipendio
568 2711 686 2787 dimitti,
700 2718 732 2772 et
745 2727 816 2773 cum
828 2710 878 2771 his
891 2727 1008 2786 omnes,
1024 2713 1076 2789 qui

89 2795 121 2857 in
134 2797 270 2858 consulis
284 2795 381 2856 verba
395 2795 585 2864 iuraverant;
612 2801 643 2855 et
661 2795 746 2870 quod
768 2793 896 2855 militurn
911 2794 1075 2892 Corcyrae,

89 2879 254 2957 Brundisii,
269 2879 311 2940 ad
324 2893 408 2940 mare
424 2893 573 2956 superum
588 2875 663 2940 aut
654 2895 686 2939 m
699 2894 774 2954 agro
785 2876 922 2939 Larinati
936 2885 1022 2966 esset
1033 2909 1077 2923 -

89 2964 232 3027 omnibus
252 2963 300 3024 his
321 2963 399 3024 locis
420 2961 592 3040 dispositus
609 2962 763 3023 exercitus
779 2962 892 3038 iuerat,
914 2957 983 3024 cum
1004 2977 1075 3039 quo,

89 3051 117 3111 si
131 3063 183 3108 res
199 3055 351 3122 posceret,
369 3047 400 3108 c.
415 3045 551 3108 Licinius
568 3047 705 3122 collegae
719 3048 813 3108 terret
826 3060 994 3123 opem,-
1016 3044 1076 3108 hos

90 3146 199 3196 omnes
221 3130 331 3192 milites
352 3130 459 3193 dimitti
480 3129 606 3207 placuit.
648 3129 831 3208 supplicatio
853 3145 911 3206 pro
932 3130 1075 3193 contione

91 3216 209 3294 populo
229 3213 345 3274 indicta
363 3215 411 3276 est
431 3230 471 3274 ex
490 3222 562 3277 ante
581 3214 660 3275 diem
683 3215 820 3290 quintum
840 3211 912 3314 idus
928 3213 1074 3277 Octobres

90 3315 161 3362 cum
176 3313 213 3358 eo
229 3296 302 3358 die
294 3314 323 3357 ιιι
340 3297 477 3374 quinque
492 3298 571 3358 dies.

174 3381 233 3442 ΙΠ.
247 3381 294 3441 Ex
307 3381 431 3460 illyrico
451 3382 513 3443 duo
535 3383 642 3458 legati,
665 3381 696 3442 G
715 3382 850 3444 Licinius
870 3381 971 3442 Nerva
991 3386 1022 3441 et
1041 3378 1074 3438 P

92 3464 214 3542 Decius
230 3466 406 3529 nuntiarunt
420 3463 586 3526 exercitum
595 3465 769 3543 lllyriorum
783 3479 917 3540 caesum,
934 3461 1074 3525 Gentium
