2598 3956
179 213 240 277 rao
267 211 470 274 orsaaxm.
495 209 577 289 oar.
594 217 692 274 roso.
716 214 799 283 [an.
813 217 911 274 esu.
931 215 1001 268 nc.
1016 217 1076 283 us]

175 371 332 440 roverant,
354 365 410 425 sed
430 363 588 439 graviores
610 361 674 421 fieri
696 361 724 420 in
748 360 815 421 dies
830 367 990 422 cernerent
1009 361 1156 426 subnixos

176 449 328 511 Thracum
348 448 522 509 accolarum
537 453 567 508 et
581 444 816 506 Scordiscorum
830 445 966 521 auxiliis,
984 445 1156 508 audendum

175 533 294 609 aliquid
304 533 353 593 vel
365 527 479 592 temere
489 530 556 606 rati,
565 544 672 591 omnes
684 527 820 604 undique
831 529 937 589 armati
949 528 990 589 ad
1000 529 1155 605 oppidum,

177 617 263 694 quod
286 614 459 692 proximum
485 613 593 675 castris
617 611 833 674 Bastarnarum
858 620 937 687 erat,
964 613 1157 675 conveniunt.

175 699 274 762 hiems
288 706 362 772 eret,
378 703 409 758 et
422 699 452 759 id
468 697 540 758 anni
555 704 676 772 tempus
691 697 854 771 elegerant,
872 704 906 758 ut
919 695 1052 758 Threces
1068 695 1157 760 Seor-

136 817 138 822 ·
176 783 318 861 diseique
332 783 362 843 in
380 781 459 844 lines
474 797 550 844 suos
566 780 691 841 abirent.
714 781 799 857 quod
813 779 865 840 ubi
880 781 923 841 ita
935 781 1047 842 factum
1062 788 1094 842 et
1107 799 1157 843 so·

175 867 225 930 los
246 867 306 928 iam
328 881 400 927 esse
413 867 581 928 Bastarnas
601 864 777 938 audierunt,
799 861 938 924 bifariam
954 863 1092 925 dividunt
1106 881 1157 926 co-

175 949 261 1029 pias,
279 967 353 1027 pars
367 956 400 1011 ut
413 957 499 1011 recto
513 950 620 1009 itinere
634 948 674 1008 ad
686 948 901 1008 lacessendum
915 963 955 1008 ex
969 956 1076 1024 aperto
1092 947 1158 1024 iret,

177 1050 251 1111 pars
270 1033 361 1095 devio
383 1035 462 1094 saltu
483 1030 691 1117 circumducta
705 1031 743 1091 ab
758 1036 843 1106 tergo
860 1032 1087 1106 adgrederetur.
1109 1044 1157 1093 ce-

176 1125 273 1182 terum
294 1117 476 1193 priusquam
497 1116 656 1178 circumire
670 1121 772 1176 eastra
786 1113 919 1176 hostium
934 1123 1080 1192 possent,
1101 1134 1156 1192 pu·

175 1209 301 1278 gnatum
325 1206 389 1271 est;
422 1201 555 1277 victique
579 1198 713 1261 Dardani
739 1198 962 1274 compelluntur
986 1201 1017 1260 in
1041 1199 1157 1274 urbem,

67 1333 69 1340 .
177 1301 257 1362 quae
277 1287 342 1347 fere
358 1285 521 1346 duodecim
534 1283 617 1345 milia
631 1283 671 1343 ab
686 1283 795 1343 castris
810 1283 1028 1344 Bastarnarum
1042 1285 1157 1345 aberat.

174 1371 309 1432 victores
330 1369 491 1432 confestim
513 1367 732 1429 circumsidunt
752 1366 873 1440 urbem,
896 1366 1086 1428 hauddubie
1102 1384 1157 1444 po·

176 1461 259 1516 stero
280 1453 330 1513 die
351 1458 403 1514 aut
422 1460 505 1513 metu
522 1450 671 1513 dedituris
685 1464 721 1510 se
734 1449 875 1512 hostibus
890 1459 943 1512 aut
956 1452 987 1512 vi
1001 1466 1155 1528 expugna*

173 1537 242 1599 turi.
262 1535 380 1598 interim
390 1537 602 1598 Dardanorum
617 1537 713 1598 altera
724 1550 842 1610 manus,
859 1551 939 1611 quae
954 1534 1160 1596 circumducta

177 1627 252 1693 eret,
267 1620 375 1695 ignara
391 1620 487 1680 cladis
503 1635 638 1695 suorum,
655 1623 756 1679 castra
764 1618 981 1680 Bastarnarum
992 1620 1059 1680 sine
1069 1634 1155 1696 [rraev

175 1703 255 1766 sidio
269 1701 376 1763 relicta
781 1735 787 1742 -

174 1869 239 1932 XX.
260 1888 346 1933 more
368 1869 445 1933 sella
466 1870 601 1931 eburnea
616 1870 719 1946 posita
732 1871 780 1931 ius
796 1870 931 1945 dicebat,
953 1870 1157 1946 disceptabat·

175 1969 237 2031 que
257 1954 484 2017 controversias
505 1955 819 2016 minimarumrerum.
851 1955 994 2029 adeoque
1008 1953 1083 2015 nulli
1097 1955 1158 2015 for·

174 2045 267 2100 tunae
287 2037 475 2100 adhaerebat
496 2039 615 2099 animus
630 2053 686 2114 per
700 2039 802 2100 omnia
817 2053 931 2113 genera
944 2039 1025 2100 vitae
1039 2053 1156 2114 emaus,

172 2122 217 2183 uti
231 2137 289 2184 neo
303 2123 362 2184 sibi
376 2137 434 2183 neo
448 2119 526 2198 eliis,
543 2123 667 2199 quinam
681 2122 773 2184 homo
788 2129 886 2196 esset,
902 2121 977 2182 satis
993 2129 1158 2183 constaret

173 2221 236 2290 non
251 2207 378 2283 adloqui
394 2205 526 2281 amicos,
540 2206 593 2266 vix
607 2206 688 2268 notis
704 2205 889 2267 familiariter
902 2205 1046 2279 arridere,
1061 2207 1159 2267 muni-

173 2289 296 2351 ficentia
310 2289 463 2366 inaequali
475 2305 547 2351 sese
562 2291 704 2366 aliosque
719 2289 884 2352 ludificari:
908 2289 1091 2366 quibusdam
1103 2290 1169 2366 ho,

172 2375 289 2436 noratis
303 2388 478 2450 magnoque
490 2375 723 2436 aestimantibus
737 2389 773 2435 se
788 2372 931 2450 puerilia,
953 2380 986 2434 ut
1000 2389 1092 2435 escae
1107 2381 1159 2434 aut

172 2458 275 2531 lusus,
297 2471 425 2517 munera
445 2457 534 2530 dare,
554 2457 632 2518 alios
654 2457 726 2517 nihil
743 2464 959 2533 exspectantes
975 2457 1080 2519 ditare.
1103 2457 1158 2516 ita·
1237 2529 1238 2534 ἵ

173 2556 233 2616 que
247 2537 369 2601 nescire
384 2539 459 2616 quid
475 2539 534 2601 sibi
549 2542 639 2600 vellet
653 2540 837 2616 quibusdam
852 2541 958 2613 videri,
975 2541 1098 2616 quidam
1113 2543 1158 2601 lu·

172 2624 246 2684 dere
262 2639 332 2684 eum
344 2623 531 2700 simpliciter,
546 2624 672 2700 quidam
681 2624 763 2686 haud
777 2623 869 2686 dubie
880 2626 1014 2686 insanire
1026 2622 1158 2685 aiebant.

170 2708 201 2768 in
220 2706 342 2769 duabus
362 2715 464 2770 tamen
483 2709 604 2784 magnis
624 2708 825 2786 honestisque
845 2709 938 2770 rebus
959 2724 1032 2768 vere
1050 2709 1157 2784 regius

171 2798 237 2853 erat
250 2791 379 2869 animus,
393 2792 424 2854 in
439 2791 559 2854 urbium
574 2792 663 2855 donis
678 2799 709 2854 et
723 2794 850 2856 deorum
865 2793 957 2854 cultu.
978 2791 1156 2868 Megalopo-

170 2873 273 2937 litanis
288 2876 319 2937 in
333 2877 469 2938 Arcadia
482 2893 601 2939 murum
621 2893 656 2938 se
677 2877 933 2940 circumdaturum
947 2875 1014 2935 urbi
1027 2883 1076 2936 est
1089 2877 1156 2951 pol-

168 2958 279 3032 licitus,
295 2959 504 3038 maioremque
519 2969 637 3037 partem
651 2963 802 3039 pecuniae
817 2961 916 3031 dedit;
938 2960 1057 3035 Tegeae
1071 2959 1156 3023 thea-

169 3047 249 3101 trum
273 3044 467 3118 magnificum
486 3060 503 3104 e
523 3059 675 3108 marmore
700 3047 802 3106 fecere
826 3045 966 3114 instituit;
1000 3042 1103 3122 cyzici
1124 3044 1156 3104 in

168 3123 354 3202 prytaneum
364 3128 516 3188 —idest
529 3129 800 3204 peneaclensis,
822 3127 874 3189 ubi
889 3128 1020 3205 publice,
1043 3128 1155 3201 quibus
1244 3173 1245 3178 η

167 3207 196 3270 is
210 3207 311 3270 bonos
326 3211 416 3271 datus
429 3219 485 3287 est,
500 3219 668 3274 vescuntur
677 3245 721 3258 -
731 3229 808 3273 vasa
822 3228 917 3274 aurea
928 3227 1053 3274 mensae
1063 3212 1155 3272 unius

166 3291 283 3368 posuit.
305 3293 435 3356 Rhodiis
449 3303 483 3357 ut
496 3295 570 3355 nihil
584 3312 676 3358 unum
693 3296 829 3372 insigne,
850 3295 891 3358 ita
906 3297 1005 3359 omnis
1021 3296 1154 3373 generis,

167 3383 202 3437 ut
216 3393 359 3454 quaeque
380 3395 457 3440 usus
477 3394 584 3440 eorum
607 3381 855 3456 postulaverunt,
878 3382 961 3442 dona
975 3381 1068 3442 dedit.
1090 3395 1154 3440 ma·

165 3461 361 3534 gnifieentiae
377 3479 450 3525 vero
466 3463 496 3524 in
509 3464 589 3546 deos
604 3467 652 3526 vel
663 3465 745 3527 iovis
759 3464 891 3543 Olympii
902 3466 1046 3542 templum
1058 3462 1153 3524 Athe
