2574 3954
317 198 431 264 LIBER
447 199 550 261 XLIV.
574 199 656 260 cni).
672 209 715 264 19.
727 210 770 262 20.
793 209 830 276 [a.
844 209 875 260 C.
888 208 951 276 168]
1062 204 1125 270 227

141 364 251 417 onmes
265 364 355 425 reges
373 357 543 426 gentesque
564 350 772 415 auctoritatem
794 367 882 426 esse,
904 361 938 414 nt
957 353 984 414 si
1005 355 1124 429 legatos

141 434 307 506 misissent,
323 433 376 509 qui
391 433 605 496 denuntiarent
618 450 680 498 non
696 435 819 512 placere
833 437 952 498 senatui
968 437 1062 502 sociis
1076 454 1123 501 re·

140 517 231 593 gibus
259 515 371 584 bellum
398 514 479 590 lieri,
509 519 663 594 extemplo
689 519 894 582 abscessurus
919 537 939 585 e
962 521 1124 586 moenibus

140 600 356 684 Alexandreae
375 600 627 678 abducturusque
647 601 815 665 exercitum
834 603 865 663 in
887 601 1008 682 Syriam
1029 614 1122 668 esset.

142 683 274 760 quodsi
296 690 475 748 cunctentur
495 686 612 760 lacere,
636 684 722 746 brevi
748 691 888 750 extorres
908 702 1004 763 regne
1024 688 1123 752 Ptole·

139 784 263 835 mecum
276 775 308 831 et
318 767 509 844 cleopatram
522 769 651 832 Romam
662 775 819 846 venturos,
834 787 903 834 cum
915 771 1036 846 pudore
1047 789 1122 848 quo·

139 851 211 918 ian
224 851 333 928 populi
345 851 483 926 Romani,
506 853 591 928 quod
611 853 724 919 nullam
744 869 836 930 opem
850 855 881 915 in
895 853 1000 922 ultinm
1016 855 1123 916 discri-

139 935 221 999 mine
236 937 425 1000 fortunarum
438 935 589 998 tulissent.
611 937 684 1001 moti
704 943 809 1012 patres
828 936 974 1014 precibus
988 938 1122 1000 Alexan

140 1019 297 1080 drinorum
311 1020 465 1095 extemplo
477 1019 510 1083 c.
519 1019 680 1096 Popillium
694 1021 858 1084 Laenatem
869 1027 900 1082 et
911 1020 942 1082 0.
954 1020 1123 1087 Decimium

138 1109 171 1164 et
191 1103 222 1164 0.
242 1102 404 1166 Hostilium
425 1105 544 1180 legatos
564 1105 604 1166 ad
624 1103 792 1169 finiendum
811 1105 994 1182 interreges
1009 1105 1123 1168 bellum

138 1187 296 1248 miserunt.
317 1186 405 1264 prius
417 1186 617 1261 Antiochum,
638 1188 709 1250 dein
724 1187 931 1260 Ptolemaeum
945 1188 1031 1251 edire
1043 1188 1122 1252 iussi

137 1277 169 1332 et
182 1271 330 1347 nuntiare,
345 1271 376 1334 ni
391 1270 557 1337 absistatur
573 1272 670 1344 belle,
693 1287 750 1348 per
770 1279 870 1334 utrum
885 1273 1030 1347 stetisset,
1051 1287 1121 1333 cum

137 1371 201 1418 nou
214 1370 272 1432 pro
288 1353 387 1422 amico
402 1371 460 1417 nec
474 1370 531 1431 pro
546 1355 633 1423 socio
647 1354 805 1424 habituros
821 1370 901 1416 esse.

222 1439 285 1500 XX.
307 1438 362 1502 llis
383 1439 461 1501 intra
482 1439 616 1502 triduum
629 1438 720 1502 simul
735 1455 803 1501 omn
817 1439 925 1514 legatis
939 1438 1121 1501 Alexandri·

136 1520 186 1584 nis
207 1522 354 1599 proiectis
373 1523 464 1600 legati
485 1537 524 1586 ex
544 1519 727 1586 Macedonia
748 1521 996 1599 Quinquatribus·
1008 1521 1121 1585 ultimis

137 1606 219 1670 adeo
236 1605 407 1682 exspectati
421 1616 579 1683 venerunt,
595 1613 637 1679 ut,
653 1606 713 1668 nisi
729 1621 842 1683 vesper
857 1613 950 1680 esset,
966 1606 1120 1682 externplo

137 1697 278 1756 senatum
300 1690 436 1754 vocaturi
457 1691 602 1758 eonsules
622 1688 741 1754 ruerint.
777 1698 903 1767 postero
925 1691 974 1754 die
994 1697 1120 1752 senatus

137 1775 193 1836 luit
202 1774 357 1850 legatique
367 1772 462 1836 auditi
473 1781 553 1838 sunt.
574 1771 596 1834 ii
607 1771 866 1837 nuntiantmeiore
878 1771 1015 1850 periculo
1029 1789 1119 1849 quarn

136 1859 340 1920 emolumento
357 1855 523 1920 exercitum
544 1873 600 1934 per
618 1856 720 1921 invios
742 1859 837 1920 saltus
857 1855 889 1918 in
907 1855 1120 1920 Macedoniam

135 1941 303 2005 inductum.
323 1940 461 2015 Pierlam
474 1957 536 2017 quo
543 1941 760 2016 processisset,
771 1957 876 2016 regem
887 1947 1007 2012 tenere;
1020 1945 1121 2002 castra

136 2025 247 2088 eastris
262 2040 361 2101 prope
375 2025 418 2088 ita
432 2027 542 2091 collata
556 2040 637 2099 esse,
651 2033 685 2086 ut
695 2022 820 2086 flumine
830 2023 949 2102 ttnipeo
961 2022 1118 2086 interiecto

135 2116 307 2173 arceantur.
332 2123 434 2184 neque
448 2123 552 2184 regem
567 2108 724 2184 pugnandi
738 2115 921 2184 potestatem
936 2107 1047 2180 lacere,
1062 2121 1119 2166 nec

135 2192 251 2256 nostris
272 2192 334 2254 vim
353 2192 393 2253 ed
415 2192 586 2266 cogendum
606 2207 687 2254 esse.
722 2191 852 2252 hiemem
871 2189 961 2252 etiarn
976 2203 1119 2265 asperam

134 2277 229 2338 rebus
248 2272 391 2352 gerendis
405 2274 617 2337 intervenisse.
649 2274 680 2334 in
696 2274 757 2336 otio
771 2273 895 2336 militem
911 2273 960 2347 ali,
976 2287 1033 2334 nec
1047 2273 1118 2348 plus

136 2377 229 2437 quum
244 2375 301 2422 sex
316 2356 331 2392 *
347 2359 530 2421 immentum
544 2358 667 2421 habere.
703 2356 907 2418 Macedonum
923 2353 983 2416 diei
998 2354 1120 2432 triginta

134 2443 218 2506 milia
233 2449 417 2506 armatorum
431 2458 512 2504 esse.
549 2442 576 2502 si
595 2442 655 2517 Ap.
679 2440 804 2503 claudio
826 2441 909 2501 circa
927 2438 1119 2518 Lychnidum

135 2527 212 2590 satis
227 2523 348 2589 validus
363 2526 517 2592 exercitus
532 2527 625 2599 leret,
646 2523 788 2602 potuisse
802 2522 925 2600 ancipiti
938 2523 1019 2586 bello
1035 2521 1119 2584 disti·

134 2611 201 2674 neri
214 2625 333 2686 regcm=
347 2625 429 2672 nunc
446 2617 476 2672 et
489 2607 625 2685 Appium
638 2615 669 2670 et
680 2609 764 2686 quod
779 2623 848 2672 cum
862 2623 901 2672 ec
912 2606 1058 2685 praesidii
1069 2604 1118 2682 sit,

135 2696 166 2755 in
181 2709 300 2756 summo
317 2693 452 2769 periculo
467 2708 549 2768 esse,
563 2691 623 2754 nisi
638 2707 772 2768 propere
786 2697 838 2753 aut
851 2691 950 2755 iustus
966 2689 1118 2750 exercitus

134 2793 178 2840 ce·
195 2778 340 2851 mittatur,
361 2786 414 2842 eut
433 2777 475 2838 ltti
495 2775 567 2838 inde
592 2776 789 2838 deducantur.
823 2775 863 2835 ad
885 2774 1017 2834 classem
1041 2787 1077 2832 se
1101 2787 1120 2832 e

134 2861 246 2928 cestris
258 2863 415 2938 protectos
427 2859 743 2924 sociorumnavalium
750 2864 867 2934 partem
873 2855 981 2919 morbo
992 2855 1119 2920 audisse

134 2947 339 3021 absumptam,
354 2951 481 3022 partem,
497 2943 629 3006 maxime
641 2944 693 3020 qui
705 2957 744 3003 cx
756 2940 861 3004 Sicilie
871 2938 992 3015 luerint,
1008 2939 1118 3001 domos

134 3045 210 3092 sues
224 3027 338 3104 abisse,
354 3036 385 3092 et
397 3027 538 3092 homines
552 3025 683 3091 nauibus
698 3027 827 3095 deesse;
842 3022 903 3102 qui
918 3021 993 3098 sint,
1016 3038 1119 3100 neque

135 3110 322 3188 stipendium
336 3113 499 3189 accepisse
510 3125 613 3188 neque
622 3108 804 3174 vestimenta
814 3108 938 3171 habere.
960 3105 1119 3171 Eumenen

134 3198 331 3271 classemque
342 3193 417 3269 eius,
430 3203 585 3273 tamquam
596 3201 688 3259 vento
701 3194 932 3268 adlatesneves,
943 3191 1012 3254 sine
1024 3205 1122 3252 causa

19 3271 22 3276 ’
133 3287 164 3343 et
178 3277 305 3341 venisse
319 3285 350 3340 et
363 3278 483 3350 abisse3
498 3295 555 3340 nec
570 3278 702 3342 animum
714 3277 782 3340 eius
791 3277 876 3354 regis
887 3281 1030 3340 constare
1041 3269 1122 3334 satis

124 3363 245 3428 risum.
268 3362 347 3426 sicut
361 3363 463 3427 amnia
478 3363 517 3425 dc
530 3361 667 3425 Eumene
681 3359 783 3438 dubia,
793 3360 893 3423 ¹attali
906 3357 1030 3436 egregie
1044 3369 1122 3416 con·

134 3446 573 3513 stantemfldernnuntiahent.
852 3527 908 3588 15*
