2574 3954
222 225 284 288 194
389 223 619 284 crauaxmn.
644 222 727 282 cnr.
743 229 807 285 ar.
830 221 1027 300 [suasor]

221 374 382 453 peregrino
404 377 554 444 frumento
576 375 706 448 aierent,
728 382 843 446 tamen,
864 390 903 433 ne
925 375 1070 435 deessent
1082 373 1199 446 oliicio,

155 456 160 461 ’
220 460 408 530 coniecisse;
432 465 462 518 et
482 459 541 518 alia
563 472 642 533 quae
661 458 881 534 imperarentur
897 465 1052 532 praestare
1070 467 1198 532 paratos

220 559 299 606 esse.
328 539 439 604 Milesii
459 541 531 601 nihil
555 541 747 617 praestitisse
767 546 986 616 memorantes,
1010 542 1037 601 si
1052 541 1126 616 quid
1141 543 1197 602 im-

220 641 328 704 perare
342 624 383 685 ad
397 625 509 686 bellum
522 633 647 687 senatus
659 625 758 699 vellet,
774 631 930 701 praestare
942 640 977 685 se
989 631 1110 701 paratos
1123 641 1198 688 esse

220 709 344 787 polliciti
365 717 445 770 sunl.
477 709 713 772 Alabandenses
738 709 884 784 templum
910 706 994 768 urbis
1018 710 1135 770 Romae
1160 726 1197 772 se

219 792 332 855 iecisse
346 799 675 867 commemoraverunt,
696 792 851 868 ludosque
865 793 1097 868 anniversarios
1106 793 1135 852 ei
1150 793 1196 854 di—

219 893 275 939 vae
290 877 476 946 instituisse;
500 883 531 936 et
545 892 691 938 coronam
705 891 831 937 auream
847 874 1066 952 quinquaginta
1078 877 1195 952 pondo,

219 977 310 1039 quam
331 961 361 1020 in
377 958 525 1035 Capitolio
546 966 697 1034 ponerent
712 961 825 1021 donum
838 959 904 1020 lovi
919 958 1035 1035 optimo
1050 960 1195 1034 maximo,

218 1044 372 1115 attulisse,
395 1051 424 1104 et
439 1050 525 1103 scuta
539 1045 695 1119 equestria
709 1049 860 1114 trecenta;
883 1058 935 1116 ea,
959 1044 1007 1104 cui
1022 1043 1196 1118 iussissent,

217 1127 390 1188 tradituros.
420 1126 533 1187 donum
553 1127 636 1188 utin
659 1127 806 1203 Capitolio
827 1143 943 1203 ponere
962 1122 999 1186 et
1019 1127 1196 1189 sacrificare
1278 1121 1279 1126 ’

217 1213 336 1284 liceret,
363 1210 516 1286 petebant.
543 1211 603 1271 hoc
624 1217 655 1271 et
674 1211 890 1286 Lampsaceni,
916 1211 1068 1286 octoginta
1089 1212 1196 1286 pondo

218 1311 362 1357 coronam
382 1295 572 1368 adserentes
602 1294 758 1370 petebant,
781 1302 1055 1356 commemorantes
1076 1295 1196 1354 disces·

217 1379 297 1440 sisse
312 1393 346 1440 se
361 1377 517 1455 aPerseo,
532 1386 697 1455 postquam
710 1379 867 1440 Romanus
883 1378 1035 1439 exercitus
1049 1378 1080 1438 in
1090 1378 1195 1439 Mace·

217 1463 340 1525 doniam
355 1462 506 1538 venisset,
527 1478 595 1523 cum
610 1462 668 1524 sub
683 1461 804 1523 dicione
817 1461 921 1521 Persei
936 1468 967 1522 et
980 1471 1050 1523 ante
1063 1461 1195 1538 Philippi

220 1547 359 1607 luissent.
389 1561 446 1620 pro
469 1561 506 1606 eo
528 1553 558 1604 et
578 1547 662 1620 qnod
684 1545 917 1620 imperatoribus
931 1545 1077 1606 Romanis
1093 1546 1196 1606 omnia

218 1627 450 1705 praestitissent,
472 1628 505 1689 id
518 1644 554 1688 sc
569 1636 683 1690 tantum
700 1645 797 1704 orare,
818 1634 851 1689 ut
865 1631 895 1688 io
910 1627 1070 1690 amicitiam
1087 1627 1194 1704 populi

217 1712 346 1774 Romani
359 1712 584 1788 reciperentur,
611 1719 642 1773 et
656 1713 683 1772 si
702 1728 761 1787 pax
777 1728 846 1773 curn
859 1712 973 1772 Perseo
989 1712 1089 1786 lieret,
1110 1713 1192 1774 exci-

218 1802 377 1873 perentur,
399 1811 437 1856 ne
452 1796 482 1856 in
497 1796 610 1870 regiam
625 1801 809 1872 potestatem
822 1794 1003 1859 reciderent.
1026 1797 1136 1858 ceteris
1151 1797 1195 1858 le·

217 1880 294 1954 gatis
310 1880 435 1940 comiter
449 1895 651 1955 responsum;
672 1880 902 1956 Lampsacenos
916 1880 947 1940 in
962 1879 1115 1941 sociorum
1131 1881 1194 1941 ior-

217 1964 329 2024 mulam
339 1961 494 2038 reterreQ.
502 1963 642 2025 Maenius
654 1971 777 2040 praetor
788 1964 901 2025 iussus.
913 1979 1039 2025 munera
1051 1963 1194 2026 omnibus

217 2048 246 2106 in
263 2047 400 2122 singulos
414 2045 519 2111 binum
534 2048 649 2108 milium
661 2049 742 2109 aeris
758 2047 838 2108 data.
858 2048 1093 2109 Alabandenses
1106 2055 1195 2110 scuta

217 2138 374 2206 reportare
387 2131 427 2191 ad
438 2132 475 2191 Α.
485 2131 646 2193 Hostilium
661 2133 820 2193 consulem
834 2132 864 2191 io
878 2131 1089 2193 Macedoniam
1105 2132 1193 2193 iussi.

299 2215 337 2275 Et
357 2231 396 2274 ex
415 2216 520 2276 Airica
540 2215 631 2292 legati
646 2216 735 2276 simul
751 2215 1040 2291 Carthaginiensium
1056 2214 1089 2254 **
1104 2215 1194 2277 tritici

217 2298 342 2360 deciens
364 2307 484 2359 centum
504 2297 587 2360 milia
608 2309 638 2360 et
657 2299 764 2361 hordei
785 2299 948 2374 quingenta
968 2299 1137 2360 indicantes
1158 2316 1194 2361 se

217 2382 257 2442 ad
278 2390 362 2442 mare
382 2383 511 2443 devecta
531 2383 659 2456 habere,
680 2391 713 2444 ut
734 2400 795 2458 quo
811 2389 936 2444 senatus
953 2383 1126 2445 censuisset
1140 2384 1193 2444 de·

217 2470 385 2540 portarent=
408 2465 438 2525 id
459 2481 570 2528 munus
592 2465 788 2541 ciliciumque
809 2482 897 2527 suum
912 2467 992 2527 scire
1007 2468 1107 2528 minus
1122 2482 1195 2529 esse

218 2564 309 2622 quam
332 2562 387 2622 pro
409 2546 523 2610 nreritis
545 2549 650 2624 populi
671 2551 800 2610 Romani
821 2558 851 2612 et
871 2551 1025 2611 voluntate
1040 2567 1112 2620 sua;
1136 2552 1198 2612 sed·

217 2646 312 2705 saepe
327 2631 412 2704 alias,
428 2631 518 2692 bonis
533 2632 563 2692 in
577 2632 671 2694 rebus
686 2633 845 2709 utriusque
861 2634 976 2709 populi,
992 2650 1027 2695 se
1038 2642 1194 2710 gratorum

217 2714 415 2790 fideliumque
435 2717 553 2777 socium
574 2717 750 2779 muneribus
773 2720 894 2778 iunctos
909 2733 989 2778 esse.
1015 2719 1086 2778 item
1100 2719 1192 2780 lilasi·

217 2797 321 2859 nissae
343 2799 433 2875 legati
454 2799 542 2860 tritici
557 2801 686 2861 eandem
701 2817 848 2863 summam
865 2800 1000 2877 polliciti,
1023 2809 1053 2862 et
1067 2801 1149 2863 mille
1163 2808 1194 2862 et

216 2881 366 2942 ducentos
382 2883 517 2958 equites,
538 2884 700 2945 duodecim
716 2885 912 2962 elephantos;
935 2885 1006 2946 etsi
1021 2886 1094 2961 quid
1109 2886 1194 2946 aliud

217 2981 296 3038 opus
309 2973 400 3037 esset,
416 2967 460 3026 uti
471 2966 634 3042 imperaret
645 2976 785 3030 sonatus=
801 2983 901 3043 aeque
910 2984 1067 3044 propenso
1080 2968 1192 3043 anim0,

216 3055 340 3129 atquae
360 3047 429 3122 ipse
449 3051 527 3111 ultro
543 3049 696 3125 pollicitus
712 3053 766 3125 sit,
787 3058 1009 3126 praestaturum
1026 3068 1107 3116 esse.
1123 3069 1193 3128 gra-

217 3126 275 3189 tiae
294 3136 324 3189 et
346 3129 644 3206 Carthaginiensibus
665 3142 695 3196 et
707 3136 772 3211 regi
787 3143 889 3209 actae,
912 3136 1088 3212 rogatique,
1109 3145 1143 3198 ut
1156 3153 1195 3198 ea

217 3229 296 3288 quae
312 3211 527 3287 pollicerentur
541 3215 580 3275 ad
594 3216 755 3280 Hostilium
771 3219 928 3280 consulem
939 3220 969 3279 in
980 3218 1194 3283 Macedoniam

217 3296 422 3393 deportarent.
444 3299 552 3374 legatis
574 3298 603 3358 in
624 3299 761 3377 singulos
783 3302 887 3362 binum
901 3303 1015 3363 milium
1030 3303 1111 3365 aeris
1126 3321 1196 3366 mu-

216 3395 288 3439 nera
303 3397 406 3441 missa.

299 3465 364 3524 Vll.
386 3465 574 3528 Cretensium
590 3469 698 3544 legatis
714 3471 1019 3538 commemorantibus
1035 3488 1079 3544 se,
1097 3488 1195 3546 quan·-
