2574 3954
196 177 262 241 250
373 175 491 236 LIBER
505 173 595 234 XLV.
618 170 700 232 CAP.
716 178 742 232 3.
753 179 780 232 4.
801 170 838 247 [a.
851 173 885 227 U.
898 191 921 228 e.
933 171 996 248 584]

196 333 442 406 reaemoaptum,
454 322 618 386 indicione
628 321 1180 401 populiRomauietlllyeioomeme.

151 423 156 434 ‘
199 415 238 476 ob
253 427 307 472 eas
321 425 384 484 roe,
392 414 505 484 gestos·
516 406 618 469 duetu.
629 405 831 482 auspicioque
852 405 886 468 L.
908 404 1011 469 Anioii
1017 408 1180 482 praetoris,

198 501 323 558 senatus
351 493 391 554 im
408 489 544 554 uiduum
566 489 809 566 supplioationes
830 489 984 552 donresto
1010 490 1123 558 dilatae
1150 498 1181 552 at

198 579 353 640 ediotoata
363 573 623 639 oonsulosuutin
638 577 711 634 ante-
723 579 866 649 quantun.
882 580 921 636 et
931 571 1055 636 tutium
1073 579 1103 636 et
1117 574 1178 650 pri-

198 661 250 722 die
262 658 548 722 idus-Novembres.

281 737 865 818 Tradideneomdamlonetoslthodios,
877 738 1179 814 nondumdimissos,

197 835 270 904 post
282 825 441 890 viatorium
455 825 621 886 nuntiatam
636 825 717 886 velen
737 823 784 886 ad.
790 821 960 891 ludibrium
976 822 1106 885 stolidae
1127 840 1178 892 su.

197 910 326 987 parmae
337 911 521 973 insultatum
536 913 664 970 vooetos
680 922 769 968 esse,
782 906 823 968 ibi
834 906 1179 984 Agepolimnrinoipem

198 1010 305 1055 eornm
324 993 372 1054 ila:
384 994 533 1056 luendum:
562 992 679 1052 missos.
696 1006 774 1052 esse,
791 992 910 1066 legatos
931 987 969 1050 ab
989 989 1125 1058 Rhodiis.
1138 993 1179 1054 ad

197 1093 309 1152 paoem
320 1077 397 1137 inter
409 1075 567 1138 Romanos
582 1081 612 1134 et
624 1073 737 1138 Persea
752 1073 937 1148 laniandam,
960 1075 1101 1150 quodid
1114 1075 1179 1142 bel·

197 1161 261 1220 lum
273 1174 368 1234 grana
382 1164 474 1234 atquo
487 1157 881 1222 incommodumoraeolae
901 1157 997 1234 omni,
1017 1165 1179 1234 sunnemo-

199 1259 266 1304 sum
281 1259 317 1306 ue
328 1243 508 1306 damnosum
520 1240 597 1319 ipsis
609 1242 859 1304 Romanisesset.
880 1242 1180 1317 fortunamnerbene

198 1328 319 1400 lauisse,
336 1326 461 1403 quando
476 1325 561 1388 linito
577 1327 663 1387 aliter
675 1323 756 1386 bello
770 1324 941 1400 gratulandi
957 1324 1070 1387 sibide
1081 1325 1178 1386 vieto·
1195 1353 1197 1360 ·

196 1411 245 1471 rin
263 1410 555 1486 ogregiaiRomaois
572 1409 833 1485 opportunitatem
856 1409 1002 1476 dedisset.
1038 1407 1116 1472 haee
1139 1410 1179 1473 ab

197 1493 323 1555 Rhodio
345 1493 435 1554 dioto.
470 1507 657 1568 responsum
681 1493 723 1554 ab.
741 1499 851 1556 senatu
868 1507 945 1555 esse,
960 1491 1097 1558 Rhodios
1120 1509 1183 1554 neo

196 1575 365 1638 utilitatium
382 1578 530 1639 Graeciae
542 1592 645 1652 neque
664 1592 740 1638 eura
757 1577 975 1651 intuensaoum.
987 1576 1093 1652 populi
1114 1575 1178 1638 Ro·

198 1657 287 1735 mani,
303 1659 359 1720 sed
376 1675 432 1736 pto
446 1659 560 1738 Perseo
576 1661 758 1736 legationem
773 1676 840 1720 eam
854 1659 985 1724 misisse.
1013 1675 1083 1721 nam
1098 1659 1126 1720 si
1141 1675 1190 1720 ea.

198 1743 307 1811 luisset
333 1758 417 1817 eura,
441 1759 521 1819 quae
549 1743 756 1816 emularetur,
784 1751 846 1809 lum
871 1742 1033 1806 mittendos
1058 1743 1180 1824 legatos

197 1825 309 1901 luisse,
332 1842 400 1890 oum
419 1825 551 1889 Perseus
571 1828 602 1887 in
621 1827 818 1890 Thessaliam.
831 1826 1105 1888 exereituiaduoto
1122 1844 1181 1903 per
1270 1857 1271 1904 f

196 1909 351 1970 biennium
360 1909 863 1984 Graeoasurbesaiiasobsideret,
876 1909 1181 1981 aliasdenuntiatone
1270 1907 1271 1924 ³

197 2008 349 2054 armorum
362 1999 504 2055 terranem
532 2001 594 2056 tum
616 1993 730 2057 nullam
750 1995 837 2069 panis
852 1993 891 2054 ab
904 1992 1033 2055 Rhodiis
1048 1993 1179 2056 mentio·

199 2086 264 2137 nem
279 2077 400 2139 laetam.
432 2086 597 2154 postquam
612 2077 885 2154 superatossaltus
899 2083 1181 2156 transgressosque

196 2177 225 2219 ln
250 2160 466 2224 Maoedoniam
484 2163 642 2224 Romanos
667 2160 818 2228 audierim
842 2168 877 2224 et.
896 2160 1047 2225 inclusum
1080 2161 1181 2224 teneri

194 2244 316 2320 Persea,
330 2252 404 2306 tuno
422 2245 568 2308 Rhodios
585 2243 767 2320 legationem
782 2243 921 2320 misisse,
942 2261 1003 2306 non
1024 2244 1065 2310 ad
1084 2245 1181 2308 ullam

196 2326 285 2387 aliem
299 2343 365 2388 rem
380 2345 476 2404 quam
485 2329 527 2388 ad
538 2328 705 2390 Perseaex
719 2327 1180 2405 imminentiperieuloeripien-

197 2411 281 2469 ium..
312 2427 381 2472 oum
397 2411 455 2472 hoo
470 2410 757 2486 respousolegatos
773 2411 928 2474 dilatissos.

278 2494 331 2552 lV.
353 2494 412 2554 Per
425 2494 558 2556 eosdem
574 2494 640 2555 dios
662 2502 692 2554 et
711 2493 752 2554 Μ.
773 2493 936 2556 Marcellus
957 2511 997 2556 ex
1016 2495 1181 2572 provincia

194 2575 350 2651 Hispania.
372 2577 529 2638 deoedeos
552 2575 719 2640 Marcolica
742 2577 836 2639 nobili
862 2579 943 2640 urbe.
959 2586 1050 2656 canta
1069 2580 1180 2647 decem

195 2659 299 2734 pondo
313 2661 379 2722 auri
405 2661 563 2736 elementi
582 2663 627 2722 ad
643 2677 792 2724 summam
807 2661 980 2724 sestertium
993 2662 1120 2724 deciens
1148 2665 1178 2724 in

194 2743 480 2808 aeaeriumaettulit.

277 2827 390 2892 Paulus
405 2829 553 2892 Aemilius
569 2829 677 2890 consul
693 2844 761 2890 oum
776 2836 891 2905 eastra,
904 2835 1048 2906 utsupra
1062 2829 1180 2894 dietum

194 2918 257 2984 est,
279 2913 326 2970 ad
340 2912 427 2980 Siras
446 2919 546 2972 terrae
568 2911 946 2988 Odomanticaezhaberet.
960 2919 993 2974 et
1003 2912 1120 2975 litteras
1138 2913 1180 2976 ab

194 3008 268 3068 rege
287 2994 401 3054 Perseo
424 3011 479 3071 per
498 2995 652 3070 ignobiles
669 3002 731 3056 tres
752 2995 871 3072 legatos
886 3002 1039 3073 cerneret,
1062 2997 1179 3072 etipse

193 3076 396 3140 illaorimesso
413 3078 522 3140 dieitur
544 3079 622 3140 sorti
640 3079 805 3154 humanae,
828 3081 982 3158 quadani
997 3081 1089 3155 paulo
1105 3089 1178 3142 ante

194 3176 256 3222 non
280 3167 441 3222 contentus
465 3177 560 3237 regno
585 3161 785 3227 Macedoniae
804 3165 973 3227 Dardanos.
988 3162 1179 3243 illyriosque

139 3321 140 3324 Ἴ
193 3253 414 3321 oppugnasset,
426 3245 643 3306 Bastarnarum
651 3245 945 3324 excivisselauxilia,
953 3247 980 3310 is
988 3255 1050 3311 tum
1059 3248 1176 3310 amisso

194 3329 343 3404 exercitu,
366 3327 497 3392 extorris
518 3345 630 3405 regno,
652 3331 681 3390 in
696 3347 822 3407 pm‘vam
837 3331 968 3396 insulam
984 3331 1178 3408 compulsus,

194 3414 336 3488 supplex,
351 3415 415 3474 fani
428 3413 584 3490 religione,
601 3431 662 3474 non
678 3414 794 3478 viribus
810 3415 874 3477 suis
889 3421 972 3478 tuttts
987 3420 1082 3476 esset
1117 3413 1178 3478 sed
