2598 3956
298 217 487 278 nrannxn.
511 219 947 296 CAP.42.43.44.[e.0.1sso]
1065 223 1107 288 ar
1141 207 1145 212 ’

120 382 285 430 sacrorum
310 367 345 442 Q.
368 369 501 430 Marcius
525 369 683 446 Philippus
712 371 742 430 in
768 371 906 432 eiusdem
934 373 1035 434 locum
1059 381 1108 436 est

121 458 297 529 cooptatus.
327 460 358 512 et
379 468 476 528 augur
498 451 551 529 Sp.
565 453 739 516 Postumius
753 455 882 517 Albinus
905 455 1054 517 decessitr
1075 460 1106 519 in

120 537 226 596 locum
250 537 316 596 eius
337 536 369 594 P.
392 535 580 612 Scipionem,
601 537 698 598 filium
718 538 868 614 tineent,
893 555 1026 615 augures
1054 557 1105 603 co·
1194 599 1196 604 ,

121 625 278 694 optarunt.

208 702 349 764 CumanIs
370 719 408 764 eo
423 719 503 766 anno
522 705 697 779 petentibus
713 706 912 780 permissum,
934 712 967 766 ut
982 707 1104 782 publice

120 787 229 847 Latine
255 787 454 864 loquerentur
474 795 504 848 et
525 789 729 862 praeconibus
752 787 859 850 Latine
880 791 1035 850 uendendi
1056 791 1104 851 ius

119 877 217 930 esset.
238 870 340 930 XLIII.
363 870 481 932 Pisanis
497 887 604 946 agrum
618 871 843 947 pollicentibus,
861 888 921 950 quo
933 872 1039 933 Latmo
1053 889 1102 934 co·

119 953 206 1014 ionia
216 953 428 1026 deduceretur,
440 955 555 1030 gratiae
566 955 605 1014 ab
617 963 726 1016 senatu
737 964 840 1026 actae;
855 956 1003 1016 triumviri
1012 957 1104 1018 creati

120 1037 163 1097 ad
178 1052 247 1097 eam
260 1053 325 1098 rem
340 1037 374 1112 Q.
388 1037 501 1100 Fabius
516 1039 614 1100 Buteo
628 1039 668 1098 M.
684 1046 714 1100 et
727 1039 758 1098 P.
774 1037 893 1114 Popillii
909 1039 1069 1100 Laenates.
1086 1057 1106 1101 a

120 1121 154 1181 C.
169 1119 290 1182 Maenio
305 1127 457 1198 praetore,
472 1123 523 1184 oui
535 1122 695 1198 provincia
707 1122 848 1184 Sardinia
858 1139 927 1184 oum
939 1122 1103 1200 evenIsset,

120 1204 260 1264 additum
280 1211 359 1280 erat,
381 1213 415 1267 ut
436 1213 597 1282 quaereret
610 1206 649 1268 de
663 1207 822 1268 veneficiis
836 1207 958 1281 longius
973 1207 1012 1268 ab
1026 1209 1104 1268 urbe

119 1289 230 1349 decem
244 1289 366 1350 milibus
380 1304 539 1365 passuum,
555 1290 671 1350 litterae
686 1290 814 1363 adlatae,
831 1305 866 1350 se
881 1289 941 1350 iam
955 1291 1012 1350 tria
1022 1291 1104 1351 milia

118 1371 277 1433 hominum
298 1373 477 1448 damnasse,
499 1381 529 1434 et
550 1388 690 1433 crescere
712 1372 770 1433 sibi
792 1373 1005 1446 quaestionem
1025 1374 1103 1434 indi·

119 1456 194 1516 ciis:
222 1464 273 1517 aut
294 1472 362 1518 eam
384 1456 443 1518 sibi
462 1473 534 1518 esse
554 1456 756 1516 deserendam
777 1463 830 1516 aut
848 1456 1037 1532 provinciam
1057 1455 1103 1515 di·

118 1537 307 1600 mittendam.

206 1621 240 1697 Q.
254 1623 379 1685 Fulvius
399 1624 529 1686 Flaccus
551 1638 590 1683 ex
610 1623 760 1700 Hispania
780 1623 871 1684 rediit
884 1623 1011 1684 Romam
1031 1639 1099 1686 oum

118 1722 230 1782 magna
243 1709 617 1782 lamagestarumrerumr
642 1708 693 1783 qui
705 1714 872 1770 cumextro
883 1706 988 1766 urbem
999 1707 1099 1768 trium

119 1790 174 1866 phi
196 1806 291 1852 causa
311 1799 409 1867 esset,
432 1793 541 1855 consul
562 1798 609 1852 est
629 1807 750 1854 creatus
773 1807 841 1852 eum
853 1791 887 1850 L.
901 1789 1015 1850 Manlio
1029 1789 1101 1850 Aci·

119 1874 207 1948 dino,
230 1881 260 1935 et
274 1881 345 1951 post
360 1891 478 1950 paucos
492 1875 559 1936 dies
575 1890 644 1936 cum
658 1876 818 1949 militibus,
834 1889 912 1949 quos
927 1887 1033 1934 secum
1048 1873 1101 1932 de-

120 1958 257 2033 duxerat,
273 1959 462 2034 triumphans
478 1961 585 2020 urbem
600 1966 648 2020 est
661 1959 809 2020 invectus.
830 1957 896 2018 tulit
906 1955 1099 2032 intriumpho

118 2057 253 2105 ‘toronos
274 2059 385 2104 aureas
400 2050 521 2105 cantum
542 2043 647 2117 viglnti
669 2049 826 2118 quattuor:
855 2047 1015 2115 praeterea
1035 2037 1101 2098 auri

119 2125 224 2201 pondo
238 2125 360 2202 triginta
373 2144 475 2203 unum,
491 2134 521 2188 et
532 2126 642 2200 signati
654 2125 800 2186 Oscensis
811 2139 967 2200 nummum
978 2128 1099 2183 eentum

118 2209 312 2286 septuaginta
326 2209 383 2270 tria
399 2211 482 2272 milia
495 2211 656 2271 ducentos.
678 2207 822 2270 militibus
835 2207 875 2266 de
886 2204 1002 2280 praeda
1014 2205 1099 2279 quln-

120 2309 280 2370 quagenos
301 2295 446 2356 denarios
467 2295 567 2368 dedit,
593 2293 708 2368 duplex
725 2286 970 2361 centurionibus,
990 2287 1100 2362 tn‘plex

116 2377 226 2452 equiti,
252 2378 427 2440 tantundem
454 2377 547 2440 sociIs
568 2377 665 2437 Latini
688 2373 835 2448 nominis,
861 2378 891 2435 ct
912 2370 1098 2449 stipendium

22 2507 23 2510 η
117 2460 258 2522 omnibus
275 2462 400 2537 duplex.

201 2545 304 2605 XLIV.
326 2545 371 2606 Eo
393 2562 473 2606 anno
489 2543 607 2619 rogatio
623 2543 755 2618 primum
769 2542 830 2601 lata
844 2547 892 2600 est
905 2538 944 2598 ab
957 2537 991 2596 L.
1006 2537 1098 2598 Villio

115 2629 239 2690 tribuno
255 2629 363 2704 plebis,
381 2636 456 2704 quot
470 2643 568 2688 annos
583 2628 645 2688 nati
660 2639 814 2704 quemque
825 2621 1033 2698 magistratum
1047 2635 1099 2694 pe·

115 2719 215 2773 terent
236 2720 452 2788 reperentque.
483 2711 555 2772 inde
571 2724 742 2785 cognomen
760 2705 891 2768 familiae
905 2705 1047 2778 inditum,
1067 2711 1100 2764 ut
1196 2759 1198 2762 ,

116 2795 252 2856 Annales
279 2798 514 2872 appellarentur.
547 2801 705 2868 praetores
728 2795 874 2866 quattuor
895 2793 967 2862 post
985 2787 1098 2846 multos

117 2895 215 2940 annos
234 2882 302 2956 lege
315 2878 431 2940 Baebia
445 2879 546 2950 creati,
564 2893 644 2952 quae
658 2875 781 2936 alternis
795 2877 964 2946 quaternos
975 2869 1099 2930 iubebat

118 2963 224 3023 cneori.
245 2962 278 3023 hi
293 2964 363 3024 iacti
378 2963 431 3023 Cn.
448 2961 605 3023 Cornelius
624 2959 727 3034 Scipio
744 2957 776 3020 C.
787 2953 931 3016 Valerius
942 2951 1097 3016 Laevinus

117 3047 151 3122 Q.
167 3054 197 3109 et
209 3046 241 3106 P.
252 3046 344 3108 Mucii
356 3046 389 3121 Q.
401 3047 434 3108 F.
447 3045 624 3108 Scaevolae.
647 3043 680 3118 Q.
692 3041 798 3104 Fulvio
814 3048 845 3100 et
855 3041 888 3100 L.
900 3037 1012 3100 Manlio
1025 3052 1099 3100 oon·

118 3130 238 3192 sulibus
253 3132 360 3191 eadem
376 3131 542 3206 prouincia,
558 3144 638 3205 quae
653 3125 872 3202 superioribus,
889 3123 955 3199 pari
970 3137 1097 3186 numero

118 3213 227 3290 copiae
246 3216 382 3289 peditum
402 3215 552 3289 equitum,
575 3212 686 3274 civium
708 3211 862 3271 sociorum
884 3209 1052 3300 decretae.¹
1065 3205 1096 3265 in

117 3299 272 3374 Hispaniis
295 3299 415 3358 duabus
435 3299 477 3358 Ii.
493 3296 675 3372 Sempronio
696 3303 726 3356 et
739 3295 773 3354 L.
786 3293 943 3354 Postumio
960 3289 1097 3383 cumnris-

119 3383 186 3442 dam
208 3382 408 3454 exercitibus
435 3397 514 3456 quos
534 3380 696 3452 haberent,
718 3382 915 3453 prorogatum
935 3373 1096 3465 imperrum

117 3471 180 3535 est3
208 3467 287 3526 etin
310 3467 555 3541 supplementum
576 3464 721 3525 eonsules
743 3460 878 3522 scribere
893 3455 971 3517 iussi
986 3453 1026 3512 ad
1040 3462 1097 3513 trra
