2592 3964
160 210 164 216 ’
221 235 263 298 46
362 235 478 296 runnu
492 233 623 296 nmnx.
647 187 730 294 oar.
744 240 845 294 aoso.
868 236 951 305 [tu.
965 236 1066 303 asos]

220 403 276 448 nes
287 386 508 464 exposcebant.
522 385 716 459 magistratus
729 389 760 445 et
769 381 926 460 principes
937 380 1040 456 veriti,
1055 396 1197 455 nequem
1267 417 1269 420 -

219 477 333 533 motum
345 468 553 530 misericordia
564 466 736 544 praesentis
745 466 819 528 tanti
830 465 889 526 viri
899 467 1023 540 laceret,
1039 465 1198 526 cumatius

219 553 406 616 verecundia
421 553 567 630 pristinae
579 551 745 612 maiestatis
757 551 867 611 coliata
878 549 1033 626 praesenti
1049 548 1198 624 fortunae,

218 639 297 699 alios
310 637 483 698 recordatio
498 635 662 711 ingentium
669 635 845 696 meritorum
857 639 1075 705 moturaesset‚
1090 633 1197 708 procul

218 723 249 782 in
264 727 431 797 conspectu
446 737 515 782 eum
530 725 714 794 statuerunt,
730 717 842 778 deinde
855 717 965 792 raptim
976 731 1014 776 ex
1027 715 1125 777 oculis
1142 716 1198 776 ho·

217 806 332 867 minum
346 803 560 866 abstraxerunt
575 803 695 863 dicente
709 810 851 878 praetore
860 801 1023 862 Dinocrate
1033 813 1105 860 esse
1117 815 1198 876 quae

217 887 400 967 pertinentia
413 889 454 948 ad
475 903 625 950 summam
646 885 718 947 belli
737 883 929 962 percunctari
950 899 1018 944 eum
1039 883 1198 960 magistra·

217 981 266 1034 tus
282 973 404 1032 vellent
438 972 509 1031 inde
524 970 657 1032 abducto
678 985 717 1031 eo
737 969 767 1030 in
789 969 903 1029 curiam
918 975 949 1028 et
962 975 1073 1030 senatu
1088 975 1198 1028 vocato

218 1055 383 1116 consultari
399 1063 550 1131 coeptum.
593 1054 626 1114 L.
647 1053 707 1114 iarn
722 1050 1005 1128 invesperascebat,
1020 1059 1051 1112 et
1061 1067 1121 1112 non
1133 1067 1198 1112 mo·

220 1141 261 1200 do
277 1145 394 1214 cetera,
410 1139 467 1198 sed
482 1154 521 1199 ne
535 1137 566 1198 iu
582 1136 752 1214 proximam
768 1137 891 1212 quidem
913 1143 1034 1196 noctem
1054 1133 1108 1196 ubi
1122 1134 1198 1196 satis

218 1229 281 1283 tuto
298 1222 516 1296 custodiretur,
532 1220 748 1298 expediebant.
781 1221 1003 1297 obstupuerant
1023 1219 1063 1308 ad
1083 1219 1199 1294 magni·

218 1307 352 1367 tudinem
368 1306 514 1382 pristinae
528 1305 596 1366 eius
612 1305 751 1366 fortunae
764 1303 963 1379 virtutisque,
978 1310 1008 1363 et
1022 1317 1122 1378 neque
1138 1302 1199 1379 ipsi

218 1391 342 1450 domum
363 1389 501 1464 recipere
523 1388 757 1450 custodiendum
777 1386 945 1461 audebant,
972 1401 1030 1447 uec
1056 1386 1198 1461 cuiquam

219 1472 269 1535 uni
295 1473 468 1535 custodiant
493 1473 559 1533 eius
586 1472 661 1533 satis
688 1470 865 1532 credebant.
894 1471 1061 1531 admonent
1085 1470 1198 1531 deinde

219 1555 343 1630 quidam
358 1571 430 1616 esse
451 1555 627 1616 thesaurum
649 1554 804 1631 publicum
825 1555 882 1615 sub
905 1561 1001 1629 terra,
1023 1569 1099 1613 saxo
1123 1571 1198 1629 qua·

219 1639 306 1704 drato
323 1644 472 1713 saeptum.
503 1654 540 1698 eo
556 1632 677 1699 'vinctus
693 1637 874 1712 demittitur,
897 1643 928 1698 el
945 1653 1055 1700 saxum
1077 1637 1197 1713 ingens,

218 1739 280 1799 quo
296 1722 446 1798 operitur,
462 1722 602 1784 machina
617 1721 888 1798 superimpositum
903 1729 959 1782 est.
990 1725 1031 1782 ita
1049 1722 1117 1782 loco
1141 1737 1197 1796 po·

217 1808 279 1868 tius
295 1823 385 1882 quam
399 1806 514 1868 lroruini
529 1807 671 1882 cuiquam
687 1806 871 1866 credendam
887 1805 1058 1867 custodiam
1072 1806 1137 1878 rati,
1152 1807 1197 1864 lu-

217 1905 284 1950 cem
297 1891 508 1968 insequentem
525 1896 791 1966 exspectaverunt.
821 1897 946 1966 postero
967 1889 1017 1950 die
1036 1889 1197 1949 multitudo

218 1972 342 2048 quidem
356 1976 488 2050 integra,
503 1990 620 2034 memor
635 1973 829 2050 pristinorum
841 1974 907 2035 eius
923 1975 953 2034 in
969 1973 1120 2032 civitatem
1134 1987 1198 2032 me-

215 2057 357 2134 ritorum,
373 2059 562 2134 parcendum
576 2073 613 2119 ac
628 2073 684 2134 per
700 2073 768 2118 eum
787 2057 923 2119 remedia
935 2057 1111 2134 quaerenda
1125 2071 1198 2117 esse

216 2142 422 2216 praesentium
437 2144 586 2204 malorum
606 2141 789 2202 censebant:
823 2143 880 2202 sed
895 2141 1075 2202 delectionis
1091 2147 1196 2201 aucto-

215 2239 283 2299 res,
299 2241 429 2301 quorum
443 2225 473 2286 in
488 2241 643 2287 martures
657 2224 781 2302 publica
795 2231 874 2301 erat,
889 2225 920 2285 in
937 2232 1057 2287 secreto
1073 2225 1197 2286 consul·

215 2313 315 2370 tuntes
331 2325 438 2369 omnes
459 2309 500 2368 ad
524 2324 631 2370 necem
655 2309 723 2368 eius
748 2308 990 2370 consentiebant.
1018 2310 1075 2370 sed
1096 2308 1197 2370 utrum

215 2397 400 2452 maturarent
413 2407 452 2451 an
471 2390 643 2465 differrent,
662 2391 880 2467 ambigebatur.
909 2392 982 2453 vicit
993 2408 1065 2468 pars
1078 2391 1198 2452 avidior

215 2487 352 2550 poenae,
367 2475 544 2550 missusque
561 2475 613 2549 qui
631 2489 783 2536 venenum
804 2477 903 2537 terret.
933 2481 1061 2552 accepto
1083 2477 1197 2551 poculo

216 2556 288 2617 nihil
305 2557 387 2616 aliud
402 2559 536 2618 locutum
555 2558 656 2620 lerunt
675 2575 767 2634 quarn
788 2561 964 2636 quaesisse,
987 2560 1014 2620 si
1035 2559 1196 2620 incolumis
1245 2590 1249 2601 ι

214 2639 365 2720 Lycortas
384 2674 422 2686 -·
438 2641 465 2701 is
479 2642 557 2702 alter
572 2641 738 2718 imperator
756 2643 952 2705 Achaeorum
976 2650 1040 2704 erat
1053 2677 1095 2690 -
1111 2658 1196 2716 equr-

134 2779 138 2788 .
214 2729 324 2800 tesqua
338 2724 522 2787 evasissent.
551 2734 714 2803 postquam
729 2726 841 2787 dictum
861 2736 909 2788 est
932 2728 1100 2788 incolumes
1115 2742 1197 2802 esse,

216 2806 314 2883 „bene
328 2807 439 2870 habet“
454 2809 566 2886 inquit,
589 2818 619 2871 et
638 2813 751 2887 poculo
772 2809 927 2887 impavide
948 2809 1098 2873 exhausto
1113 2811 1197 2872 haud

215 2891 256 2953 ita
267 2892 361 2954 multo
377 2901 450 2969 post
464 2893 641 2969 exspiravit.
668 2910 729 2956 non
742 2892 917 2956 diuturnum
928 2895 1033 2956 mortis
1044 2895 1110 2956 eins
1122 2911 1196 2970 gau·

215 2974 299 3036 dium
314 2975 491 3037 auctoribus
506 2978 693 3039 crudelitatis
709 2978 773 3039 luit.
803 2978 885 3041 victa
905 2994 1039 3054 namque
1052 2979 1196 3040 Messene

216 3059 295 3120 bello
308 3060 548 3134 exposcentibus
559 3061 693 3124 Achaeis
706 3063 822 3125 dedidit
833 3063 961 3138 noxios,
976 3077 1112 3139 ossaque
1126 3061 1195 3122 red-

215 3141 279 3203 dita
291 3141 540 3220 Philopoemenis
555 3153 641 3222 sunt,
657 3153 688 3208 et
702 3147 842 3222 sepultus
864 3145 902 3208 ab
918 3145 1063 3208 universo
1083 3145 1194 3206 Achai-

214 3241 252 3288 co
267 3234 315 3288 est
330 3227 477 3305 concilio,
492 3231 571 3290 adeo
586 3231 727 3293 omnibus
741 3229 883 3292 humanis
899 3229 1056 3308 congestis
1071 3227 1194 3290 honori·

214 3310 289 3387 bus,
304 3319 390 3372 utne
411 3309 524 3374 divinis
545 3314 669 3390 quidem
692 3312 903 3378 abstineretur.
936 3314 975 3376 ab
992 3312 1193 3390 scriptoribus

213 3411 315 3456 rerum
331 3393 456 3458 Graecis
470 3397 648 3474 Latinisque
665 3403 777 3460 tanturn
792 3397 864 3460 huic
878 3399 945 3460 viro
959 3398 1114 3472 tribuitur,
1130 3403 1194 3458 uta

213 3477 398 3554 quibusdam
413 3495 535 3557 eorum,
558 3483 642 3543 velut
664 3483 704 3542 ad
725 3481 875 3558 insignem
890 3489 993 3544 notam
1007 3480 1098 3542 huius
1114 3479 1193 3552 anni,
