2592 3964
264 257 381 318 umus
393 257 525 318 xxxix.
549 258 632 316 cnr.
648 268 691 321 16.
704 266 746 321 n.
770 265 806 332 p.
820 265 852 320 c.
866 267 926 332 reo]
1043 237 1085 324 15
1138 213 1180 314 s
1247 217 1259 314 ἶ

100 422 191 470 sacra
218 412 346 466 externa
369 405 436 467 lieri
459 413 611 482 vetarent,
635 409 826 472 sacrificulos
848 418 996 487 vatesque
1017 414 1088 475 loro

101 489 185 552 oiroo
198 489 276 550 urbe
287 489 661 565 prohiberentvatioinios
672 493 768 554 libros
780 496 1085 571 conquirerentoom-
1115 533 1116 536 =
1213 509 1214 512 ’
1245 493 1265 544 f,-

101 576 319 649 burerentque,
328 589 450 635 omnem
457 574 650 650 disciplinam
663 575 858 638 sacrificandi
869 587 1087 656 praeterquam

100 674 188 719 more
202 658 343 718 Romano
364 657 531 720 abolerent.
558 658 735 721 indicabant
754 661 834 722 enim
855 664 1087 738 prudentissimi

99 742 157 802 viri
179 741 282 802 omnis
303 741 397 802 divini
416 741 602 818 humanique
622 743 695 804 iuris
711 744 785 804 nihil
799 761 899 821 aeque
914 747 1086 808 dissolven-

101 827 160 886 dae
174 823 334 900 religionis
350 840 430 898 esse,
446 842 539 902 quam
553 827 606 887 ubi
620 844 680 889 non
698 828 795 904 patrio
813 829 870 890 sed
885 837 1012 891 externo
1027 833 1089 891 ritu·

101 909 338 970 sacrificaretur.
359 908 437 970 haec
452 909 541 970 vobis
556 911 763 986 praedicenda
777 919 861 973 ratus
877 929 955 987 sum,
970 929 1010 974 ne
1026 931 1088 990 qua

101 990 282 1068 superstitio
298 994 424 1068 agitaret
437 994 555 1054 animos
569 1002 707 1067 vestros,
729 1009 797 1055 otim
813 995 1012 1058 demolientes
1028 1015 1090 1060 nos

100 1074 308 1136 Bacchanalia
333 1076 596 1153 discutientesque
620 1080 755 1140 nefarios
781 1087 888 1141 ooetus
909 1083 1086 1143 cerneretis.

101 1160 205 1220 omnia
226 1159 284 1219 diis
299 1159 440 1236 propitiis
455 1161 692 1236 volentibusque
707 1179 745 1224 ea
760 1163 924 1236 faciemus;
947 1166 999 1241 qul
1015 1167 1088 1241 quia

102 1329 195 1402 digne
217 1327 369 1402 terebant,
390 1343 430 1387 ex
444 1328 574 1390 occultis
587 1346 626 1390 ea
638 1330 772 1390 tenebris
786 1332 816 1390 in
831 1334 931 1392 lucem
946 1340 1084 1393 exuaxe-

101 1419 180 1482 rant,
197 1425 255 1469 neo
270 1410 408 1486 patelieri
419 1419 453 1474 ut
463 1413 612 1488 impunita
622 1419 736 1487 essent,
750 1414 808 1474 sed
818 1415 1082 1477 utvindioarentm

101 1501 131 1553 et
145 1493 408 1570 opprimerentur,
430 1497 603 1557 voluerunt
630 1503 756 1557 senatus
773 1498 987 1573 quaestionem
1000 1506 1089 1560 extra

105 1578 245 1638 ordinem
266 1578 306 1639 de
325 1579 503 1639 caremihi
525 1581 726 1656 collegaeque
740 1596 809 1643 meo
825 1582 989 1643 mandavit.
1018 1599 1089 1657 nos,

102 1676 184 1738 quae
199 1661 278 1736 ipsis
291 1661 383 1722 nobis
398 1663 518 1738 agenda
533 1671 613 1734 sunt,
627 1663 755 1740 impigre
770 1680 991 1742 exsequemur;
1010 1667 1086 1742 vigi·

102 1748 211 1805 liarum
221 1751 438 1806 nocturnarum
449 1763 554 1808 curam
567 1763 622 1824 por
633 1746 739 1807 urbem
750 1748 1085 1825 minoribusmaglstra-

102 1829 184 1889 tibus
200 1828 422 1891 mandavimus.
455 1846 514 1890 vos
530 1845 654 1906 quoque
669 1847 801 1908 aequum
817 1840 873 1907 est,
889 1850 969 1908 quae
983 1841 1087 1894 vestra

101 1912 206 1972 munia
220 1921 307 1987 sunt,
324 1929 386 1989 quo
402 1915 533 1989 quisque
548 1916 617 1975 loco
633 1916 753 1990 positus
770 1918 841 1992 erit,
857 1916 942 1993 quod
956 1916 1087 1992 impera·

100 1996 193 2067 bitur,
208 1995 337 2072 impigre
353 2005 527 2073 praestare,
545 2005 576 2058 et
590 1998 664 2058 dare
679 2016 819 2075 operam,
834 2017 873 2062 ne
889 2001 963 2076 quid
978 2001 1089 2060 lraude

102 2079 267 2140 noxiorum
282 2079 409 2156 periculi
424 2088 475 2142 aut
488 2083 634 2143 tumultus
650 2084 795 2143 oriatur.“

188 2162 282 2223 XVll.
303 2164 435 2226 Recitarl
451 2164 563 2225 deinde
573 2172 700 2226 senatus
712 2168 852 2228 consulta
863 2167 1027 2240 iusserunt,
1042 2166 1087 2225 in·
1187 2189 1188 2192 ¹
1263 2137 1266 2140 Ι

102 2247 228 2322 dicique
248 2246 415 2322 praemium
431 2255 675 2323 proposuerunt,
696 2250 808 2324 siquis
825 2248 969 2325 quemad
984 2247 1086 2308 sede·

103 2331 247 2392 duxisset
260 2346 411 2392 nomenve
425 2331 561 2393 absentis
573 2330 742 2393 detulisset.
766 2331 819 2407 qui
830 2331 1004 2394 nominatus
1016 2347 1086 2407 pro-

104 2414 251 2490 fugisset,
274 2415 353 2476 dlem
376 2421 490 2476 certam
511 2431 547 2477 se
561 2416 717 2490 finituros,
739 2416 780 2476 ad
795 2433 888 2491 quam
902 2415 961 2475 nisi
976 2417 1087 2476 citatus

102 2497 330 2574 respondisset,
346 2499 461 2559 absens
477 2499 680 2560 damnaretur.
698 2500 726 2559 si
742 2499 810 2574 quis
826 2515 941 2573 eorum,
956 2499 1008 2574 qui
1023 2505 1086 2559 tum

103 2588 193 2641 extra
205 2588 317 2641 terram
327 2581 443 2642 Italiam
458 2590 564 2643 essent
573 2582 789 2658 nominaretur,
806 2584 835 2644 ei
847 2583 995 2643 laxiorem
1007 2582 1088 2641 diem

103 2665 243 2739 daturos,
262 2665 289 2724 si
303 2665 408 2725 venire
423 2665 464 2726 ad
477 2680 603 2728 oausam
617 2666 779 2726 dicendam
793 2667 894 2728 vellet.
926 2665 1088 2725 edixerunt

104 2747 227 2822 deinde,
243 2749 367 2824 nequis
384 2749 457 2823 quid
472 2750 563 2825 lagae
577 2765 672 2812 causa
687 2749 866 2811 vendidisse
881 2765 960 2810 neve
973 2749 1087 2809 emisse

103 2833 212 2900 vellem
240 2847 280 2892 ne
303 2831 372 2908 quis
392 2833 559 2907 reciperat,
586 2834 713 2905 celaret,
739 2848 800 2908 ope
820 2834 882 2894 ulla
901 2831 1020 2892 iuvaret
1040 2831 1085 2890 lu-

104 2915 235 2988 giontes.

191 2999 338 3061 Contione
358 2999 487 3061 dimissa
506 3009 605 3063 terror
624 3015 754 3077 magnus
768 3001 845 3060 urbe
859 3006 923 3060 tota
937 2999 1008 3074 luit,
1029 3013 1088 3059 neo

104 3082 268 3144 moenibus
289 3098 325 3144 se
346 3090 459 3147 tantum
474 3085 560 3147 urbis
575 3092 628 3145 aut
642 3085 755 3145 llnibus
769 3083 915 3146 Romanis
930 3083 1086 3156 continuit,

104 3167 163 3227 sed
178 3166 297 3242 passim
310 3182 368 3242 per
381 3174 472 3229 totam
484 3168 609 3241 ltaliam,
624 3168 730 3229 litteris
741 3167 897 3243 hospitum
909 3166 948 3227 de
959 3173 1089 3227 senatus

104 3251 249 3312 consulto
271 3258 302 3311 et
321 3251 464 3312 contione
484 3259 515 3314 et
528 3251 628 3314 edioto
645 3252 806 3312 consulum
821 3249 971 3327 acceptis,
993 3248 1086 3323 trepi-

104 3334 172 3394 dari
188 3341 332 3409 ooeptum
347 3344 403 3395 est.
423 3336 507 3397 multi
522 3350 560 3396 ea
573 3343 672 3409 nocte,
688 3350 768 3411 qnae
783 3332 864 3396 diem
878 3335 1018 3394 insecuta
1028 3336 1086 3404 est,

105 3433 170 3492 quo
184 3416 215 3477 in
231 3419 374 3479 contione
387 3433 439 3478 res
451 3421 552 3494 palam
564 3421 644 3481 lacta
654 3428 711 3494 est,
727 3418 876 3481 custodiis
889 3419 970 3478 oiroa
981 3421 1089 3491 portas

103 3501 217 3574 positis
233 3502 385 3576 fugientes
400 3517 419 3562 a
433 3503 595 3564 triumviris
606 3501 819 3580 comprehensi
832 3508 863 3562 et
871 3501 987 3561 reducti
998 3502 1084 3566 sucta
