2598 3956
195 200 237 264 92
373 199 489 259 LIBER
507 197 569 257 XL.
592 197 675 256 CAP.
687 205 731 258 44.
744 203 787 258 ts.
811 203 847 269 [a.
860 201 896 254 U.
906 219 931 254 c.
943 201 1006 268 573]

195 351 279 415 milia
299 353 435 428 peditum
454 353 678 422 Romanorum,
705 356 859 410 trecentos
880 349 1016 426 equites,
1044 351 1184 430 quinque

196 437 278 499 milia
298 436 454 498 sociorum
471 433 568 495 Latini
588 433 721 494 nominis
743 438 773 492 et
794 432 1034 508 quadringentos
1050 436 1181 512 equites.

195 522 229 581 P.
243 521 363 581 Mucius
379 519 532 580 Scaevola
545 517 694 578 urbanam
715 518 841 578 sortitus
861 517 1051 592 provinciam
1067 527 1129 594 est,
1151 527 1182 581 et

195 613 229 667 ut
243 604 325 665 idem
346 609 508 678 quaereret
523 601 562 661 de
577 600 780 662 veneficiisin
796 601 872 661 urbe
887 606 917 660 et
931 602 1059 677 propius
1074 604 1181 663 urbem

131 683 135 692 “
196 691 305 750 decem
324 687 406 748 milia
425 701 590 762 passuum,
614 685 666 746 On.
682 683 840 744 Cornelius
857 683 962 759 Scipio
978 687 1180 762 peregrinam,

196 773 231 848 Q.
246 771 366 834 Mucius
386 771 537 834 Scaevola
559 767 707 842 Siciliam,
730 765 762 826 C.
776 768 918 829 Valerius
939 767 1093 830 Laevinus
1109 769 1180 831 Sar·
1281 781 1282 786 ’

196 857 319 917 diniam.
844 903 847 909 .

282 939 316 1013 0.
336 938 463 999 Fulvius
487 938 595 998 consul
622 936 803 1012 priusquam
828 937 920 996 ullam
940 951 1003 996 rem
1026 935 1180 1012 publicam

198 1031 317 1097 ageret,
333 1021 464 1082 liberare
479 1027 509 1081 et
522 1035 557 1080 se
571 1027 602 1080 et
615 1036 680 1080 rem
694 1020 848 1095 publicam
860 1019 1009 1096 religione
1022 1020 1103 1081 votis
1119 1023 1180 1082 sol-

195 1106 305 1167 vendis
320 1105 397 1164 dixit
410 1105 498 1165 velle.
521 1104 646 1165 vovisse
662 1119 723 1180 quo
741 1102 791 1162 die
806 1109 996 1178 postremum
1011 1107 1080 1165 cum
1091 1103 1179 1166 Celti-

195 1191 279 1251 beris
309 1194 481 1265 pugnasset
505 1188 598 1249 ludos
625 1187 692 1248 lovi
717 1187 832 1262 optimo
857 1187 991 1248 maximo
1016 1195 1046 1248 et
1070 1187 1179 1248 eedem

197 1273 335 1352 equestri
347 1272 501 1333 Fortunae
516 1288 588 1333 sese
609 1272 774 1332 facturum:
796 1271 910 1332 ineam
927 1287 992 1333 rem
1006 1271 1065 1332 sibi
1085 1286 1180 1347 pecu·

197 1358 278 1418 niam
293 1357 435 1419 collatam
451 1371 523 1417 esse
538 1356 577 1416 ab
587 1353 744 1431 Hispanis.
765 1355 830 1416 ludi
843 1352 967 1429 decreti,
982 1362 1014 1418 et
1026 1362 1059 1416 ut
1073 1354 1179 1416 duum-

195 1441 252 1502 viri
268 1442 308 1502 ad
323 1441 431 1500 aedem
445 1439 608 1501 locandam
620 1445 803 1499 crearentur.
823 1440 863 1499 de
874 1441 1005 1515 pecunia
1016 1439 1125 1511 linitur,
1142 1455 1180 1498 ne

196 1526 293 1585 maior
307 1539 402 1584 eausa
416 1523 558 1584 ludorum
574 1529 820 1597 consumeretur,
839 1538 931 1598 quam
946 1529 1060 1600 quanta
1072 1522 1181 1584 Fulvio

197 1606 346 1669 Nobiliori
370 1612 444 1684 post
464 1607 636 1668 Aetolicum
661 1607 774 1667 bellum
800 1607 891 1667 ludos
915 1607 1036 1668 facienti
1057 1607 1180 1668 decreta

196 1698 297 1761 esset;
312 1705 391 1750 neve
400 1688 474 1767 quid
486 1692 526 1750 ad
538 1707 594 1752 eos
605 1689 696 1751 ludos
708 1698 881 1752 arcesseret
892 1698 1017 1766 cogeret
1026 1690 1182 1767 acciperet

197 1777 312 1836 faceret
333 1774 484 1836 adversus
506 1775 537 1834 id
553 1781 678 1835 senatus
693 1775 880 1850 considium,
904 1775 987 1850 quod
1000 1775 1034 1834 L.
1049 1773 1180 1836 Aemilio

143 1857 144 1862 ’
197 1859 250 1920 Cn.
264 1856 381 1919 Baebio
397 1857 577 1919 consulibus
596 1859 635 1918 de
650 1856 732 1918 ludis
747 1859 860 1920 facturn
875 1865 967 1920 esset.
1001 1858 1181 1920 decreverat

196 1943 229 2002 id
250 1948 376 2002 senatus
403 1948 528 2017 propter
550 1941 668 2003 effusos
692 1948 833 2018 sumptus
860 1943 958 2004 factos
979 1941 1009 2001 in
1030 1943 1122 2004 ludos
1136 1945 1182 2003 Ti.

199 2025 374 2100 Sempronii
394 2024 519 2100 aedilis,
538 2026 591 2101 qui
604 2039 715 2104 graves
731 2041 793 2087 non
807 2027 900 2088 modo
914 2025 1019 2087 Italiae
1033 2041 1071 2087 ac
1085 2025 1180 2088 sociis

195 2107 293 2170 Latini
307 2107 448 2182 nominis,
464 2110 625 2171 sedetiam
639 2109 807 2185 provinciis
822 2109 957 2171 externis
975 2111 1104 2172 fucrant.

280 2193 370 2254 XLV.
390 2192 494 2254 Hiems
516 2210 553 2255 eo
574 2210 654 2256 anno
676 2194 746 2254 nive
766 2209 861 2256 saeva
875 2201 905 2255 et
920 2193 1003 2256 omni
1016 2201 1181 2270 tempesta-

93 2309 98 2320 ·
196 2284 259 2338 tum
271 2291 387 2352 genere
401 2277 471 2338 luit=
493 2278 635 2352 arbores,
659 2293 738 2354 quae
754 2279 907 2339 obnoxiae
921 2277 1085 2354 frigoribus
1101 2287 1181 2353 sunt,

196 2360 359 2421 deusserat
373 2368 516 2432 cunctas;
538 2369 568 2422 et
582 2377 620 2422 ee
629 2368 691 2422 tum
704 2358 859 2438 aliquanto
872 2379 962 2439 quam
975 2363 1050 2422 alias
1062 2362 1183 2436 longior

197 2443 261 2503 fuit.
284 2442 388 2518 itaque
398 2443 522 2507 Latinas
537 2461 611 2507 mox
625 2445 726 2506 subito
739 2453 845 2508 coorta
856 2454 888 2508 et
898 2445 1095 2508 intolerabilis
1106 2453 1181 2506 tem

197 2531 303 2602 postas
317 2525 348 2584 in
363 2534 466 2588 monte
481 2529 628 2599 turbavit;
650 2529 900 2606 instaurataeque
915 2537 987 2591 sunt
1000 2546 1041 2590 ex
1055 2530 1181 2591 decreto

196 2611 386 2685 pontificum.
430 2613 538 2674 eadem
568 2619 736 2689 tempestas
768 2622 799 2676 et
823 2615 855 2675 in
884 2613 1034 2690 Capitolio
1065 2612 1183 2690 aliquot

196 2695 286 2770 signa
298 2697 474 2770 constravit,
489 2696 729 2776 fulminibusque
741 2701 900 2775 complura
910 2700 980 2760 loca
989 2696 1181 2772 deformavit,

196 2781 305 2840 aedem
318 2778 402 2841 lovis
412 2781 603 2863 Tarracinae,
619 2783 728 2844 aedem
738 2782 849 2843 Albam
861 2783 984 2859 capuae
999 2788 1182 2858 portamque

196 2865 381 2934 Romanam
396 2865 474 2926 muri
488 2867 601 2942 pinnae
611 2867 729 2943 aliquot
739 2865 816 2928 loeis
828 2867 981 2928 decussae
993 2873 1088 2927 erant.
1104 2865 1182 2926 baec

195 2948 273 3006 inter
288 2946 430 3022 prodigia
444 2949 613 3013 nuntiatum
627 2957 658 3011 et
672 2951 711 3011 ab
725 2951 821 3011 Reate
834 2949 984 3027 tripedem
999 2957 1102 3010 natum
1115 2963 1182 3009 mu·

197 3031 269 3089 lum.
299 3030 340 3089 ob
361 3045 399 3089 ea
419 3031 585 3094 decemviri
606 3034 683 3094 iussi
698 3033 783 3095 adire
798 3034 893 3097 libros
908 3035 1047 3109 edidere,
1070 3033 1182 3111 quibus

197 3110 257 3172 diis
273 3119 304 3172 et
319 3120 394 3186 quot
408 3113 518 3178 hostiis
534 3117 769 3193 sacrificaretur,
785 3124 816 3179 et
829 3119 1006 3180 fulminibus
1021 3119 1182 3193 complura

196 3197 266 3257 loca
286 3195 457 3258 deformata
472 3198 507 3238 **
524 3202 634 3262 aedem
647 3201 730 3262 lovis
745 3209 779 3266 ut
791 3201 975 3279 supplicatio
993 3203 1073 3262 diem
1087 3216 1183 3262 uuum

196 3285 289 3340 esset.
312 3278 377 3340 ludi
392 3281 504 3343 deinde
520 3285 613 3344 votivi
626 3283 659 3358 Q.
670 3284 767 3346 Fulvii
779 3285 915 3348 consulis
927 3303 984 3364 per
996 3287 1063 3347 dies
1075 3285 1182 3345 decem

196 3378 308 3438 magno
324 3370 476 3440 apparatu
490 3366 571 3427 lecti.

283 3446 452 3510 censorum
477 3449 550 3512 inde
571 3450 694 3514 comitia
713 3453 829 3516 liabitas
858 3455 953 3515 creati
972 3453 1012 3514 Μ.
1032 3450 1182 3515 Aemilius
