2592 3964
196 234 240 298 at
337 235 595 296 arnnnxxxur.
618 233 810 298 cursam.
834 235 1027 314 [abacos]

195 402 337 464 ponneso
359 385 483 459 luisset,
505 401 542 446 eo
564 385 703 446 nimirum
721 385 801 461 capti
817 391 847 445 et
861 385 1004 461 oppressi
1022 387 1178 462 coniugis-

195 471 272 532 sen‘t.
296 486 365 530 curn
379 485 437 530 vos
453 470 561 543 procul
576 467 702 542 essetis,
723 485 785 544 quo
800 468 859 528 alio
875 468 933 528 nisi
948 468 987 528 ad
1001 485 1059 529 nos
1074 469 1179 531 socios

198 562 327 625 vestros,
345 567 424 628 quos
440 558 530 612 antea
542 551 653 630 Gythio
673 568 762 628 opem
774 552 916 626 ferentes,
932 567 1012 628 quos
1023 552 1178 613 Lacedae-

194 652 317 697 monem
336 637 498 696 vobiscum
519 635 611 695 simili
629 635 668 694 de
683 651 778 695 causa
798 642 1013 712 oppugnantes
1031 635 1179 710 viderant,

197 722 418 795 contugerentt
446 735 503 794 pro
530 717 620 779 vobis
646 719 736 794 igitur
760 717 872 779 iustum
900 719 1046 794 piumque
1065 719 1179 780 bellurn

196 803 401 878 suscepimus.
419 802 518 877 ,quod
534 817 602 862 curn
616 801 665 861 alii
680 801 811 878 laudent,
825 801 1053 878 reprehendere
1068 817 1107 862 ne
1121 803 1177 862 La-

196 885 386 948 cedaemonii
402 886 524 961 quidem
540 884 674 962 possint,
690 885 731 944 dii
745 901 870 962 quoquc
884 885 944 960 ipsi
958 885 1179 960 comprobave-

195 971 264 1044 rint,
281 969 333 1044 qui
349 969 437 1031 nobis
452 969 610 1028 victoriam
624 967 782 1042 dederunt,
799 984 932 1045 quonam
943 968 1035 1030 modo
1049 984 1086 1029 ea
1098 985 1179 1044 quae

194 1051 266 1114 belli
287 1051 353 1113 iure
374 1059 442 1112 acta
462 1051 582 1113 suntin
604 1051 855 1127 disceptationem
875 1052 1021 1113 veniunt?
1050 1067 1179 1128 quorum

196 1143 298 1196 tamen
324 1135 456 1194 maxima
475 1151 548 1209 pars
572 1135 645 1194 nihil
664 1135 793 1209 pertinet
812 1135 853 1194 ad
872 1151 939 1196 uos.
973 1143 1111 1198 nostrum
1132 1143 1180 1194 est

196 1219 281 1295 quod
302 1220 499 1279 evocavimus
520 1235 575 1279 eos
596 1218 636 1278 ad
653 1233 777 1280 causam
795 1218 957 1280 dicendam
974 1219 1026 1294 qui
1041 1220 1081 1279 ad
1096 1235 1179 1280 arma

194 1302 413 1363 multitudinem
429 1303 612 1376 exciverunt,
629 1301 680 1378 qui
695 1308 947 1378 expugnaverant
960 1300 1109 1363 maritima
1123 1319 1178 1377 op

194 1387 284 1462 pide,
310 1385 362 1462 qui
387 1385 590 1460 diripuerant,
612 1385 664 1460 qui
685 1386 811 1445 caedem
831 1385 1003 1462 principum
1027 1387 1177 1446 fecerant.

197 1471 281 1546 quod
295 1484 369 1529 vern
384 1469 426 1528 illi
441 1468 599 1529 venientes
613 1469 644 1528 in
659 1475 759 1529 castra
774 1469 921 1530 interlecti
937 1462 1027 1544 sunt,
1042 1476 1177 1530 vestrum

196 1561 251 1626 est,
266 1554 350 1612 Areu
365 1558 396 1611 et
407 1552 582 1627 Alcibiade,
598 1551 650 1627 qui
665 1568 745 1612 nuuc
760 1569 832 1628 nos,
848 1552 874 1612 si
890 1551 948 1612 diis
964 1554 1072 1630 placet,
1087 1568 1164 1614 accu

195 1635 286 1709 sctis,
309 1652 371 1696 non
392 1643 539 1696 nostrum.
572 1637 697 1695 exsules
711 1634 1036 1710 Lacedaemoniorum,
1059 1652 1120 1712 quo
1138 1651 1177 1696 ex

196 1734 321 1782 numero
342 1717 373 1777 hi
394 1733 518 1793 quoque
541 1718 602 1778 duo
621 1718 756 1792 suerunt,
778 1726 807 1779 et
820 1726 893 1780 tunc
908 1720 1066 1781 nobiscum
1082 1730 1177 1793 erant,

194 1809 225 1862 et
240 1803 324 1879 quod
339 1801 491 1862 domicilio
509 1801 568 1862 sibi
582 1801 758 1876 delegerant
771 1803 919 1864 maritima
934 1804 1057 1880 oppida,
1074 1819 1109 1864 se
1124 1807 1177 1879 pe

194 1887 264 1945 titos
279 1885 450 1958 credentes,
466 1885 496 1944 in
511 1901 567 1946 eos
583 1901 711 1961 quorum
727 1902 822 1962 opera
837 1887 935 1962 patria
944 1894 1082 1949 extorres
1094 1902 1133 1946 ne
1147 1887 1177 1947 in

193 1976 258 2028 tuto
275 1968 397 2044 quidem
413 1968 521 2028 exsilio
537 1985 634 2044 posse
649 1984 874 2030 consenescere
888 1987 923 2030 se
935 1969 1176 2045 indignabantur,

195 2051 340 2128 impeturn
365 2053 511 2112 lecerunt.
543 2051 777 2114 Lacedaemonii
797 2054 886 2128 igitur
905 2051 1177 2128 Lacedaemonios

195 2150 256 2195 non
275 2135 395 2196 Achaei
415 2134 647 2204 interfecerunt3
670 2151 727 2196 nec
747 2137 812 2197 iure
832 2153 871 2196 an
886 2137 996 2198 iniuria
1016 2137 1100 2197 caesi
1116 2137 1177 2196 sint

193 2218 395 2293 argumentari
407 2219 508 2280 refert.
530 2217 677 2278 XXXVII.
693 2228 724 2280 at
735 2219 814 2279 enirn
825 2219 876 2280 illo
887 2229 969 2281 certe
980 2228 1082 2280 vestra
1093 2228 1174 2290 sunt,

193 2302 318 2376 Achaei,
335 2301 418 2378 quod
431 2300 516 2375 leges
528 2301 782 2379 disciplinamque
793 2302 1031 2364 vetustissimam
1041 2302 1176 2381 Lycurgi

193 2384 366 2459 sustulistis,
384 2383 468 2460 quod
483 2399 587 2444 muros
603 2384 748 2445 diruistis.
777 2401 857 2460 quae
870 2394 998 2462 utraque
1012 2386 1051 2446 ab
1065 2385 1174 2446 iisdem

192 2465 273 2527 obici
298 2468 349 2543 qui
371 2475 518 2540 possunt,
538 2483 607 2527 cum
628 2468 705 2528 muri
718 2467 970 2531 Lacedaemoniis
986 2484 1045 2529 non
1062 2469 1100 2529 ab
1114 2468 1174 2544 Ly·

194 2565 304 2624 curgo,
327 2550 383 2608 sed
405 2564 522 2624 paucos
543 2557 614 2610 aute
629 2567 728 2612 annos
743 2552 783 2612 ad
798 2551 1027 2615 dissolvendam
1041 2553 1175 2630 Lycurgi

192 2632 384 2705 disciplinam
399 2631 546 2694 exstructi
561 2634 641 2693 sintt
661 2635 782 2712 tyranni
797 2636 876 2695 enirn
890 2653 988 2713 nuper
1002 2653 1057 2698 eos
1073 2651 1175 2696 arcem

192 2725 222 2775 et
234 2715 451 2796 munimentum
466 2715 534 2790 sibi,
551 2733 613 2777 non
624 2718 737 2780 civitati
750 2718 948 2796 paraveiuut3
969 2720 1036 2780 etsi
1047 2719 1176 2780 exsistat

190 2799 283 2860 hodie
298 2800 336 2860 ab
351 2799 455 2860 inieris
470 2799 646 2879 Lycurgus,
661 2803 794 2877 gaudeat
807 2803 902 2862 ruinis
917 2819 1032 2878 eorum,
1048 2811 1078 2864 et
1092 2819 1174 2862 nunc

191 2899 226 2942 se
241 2884 368 2959 patriam
382 2891 412 2944 et
423 2883 564 2958 Spartam
578 2884 733 2961 antiquam
747 2901 916 2960 agnoscere
927 2885 1018 2947 dicat.
1032 2902 1095 2947 non
1104 2884 1173 2945 Phi·

191 2966 404 3040 lopoemenem
420 2973 602 3041 exspectare
617 2983 675 3028 nec
685 2969 837 3044 Achaeos
854 2970 910 3029 sed
926 2970 1064 3046 vosipsi,
1079 2970 1171 3028 Lace·

192 3048 354 3122 daemonii,
368 3049 479 3109 vestris
495 3050 634 3112 manibus
650 3050 767 3112 amoliri
779 3060 808 3112 et
823 3052 943 3112 diruere
956 3052 1057 3113 omnia
1068 3058 1173 3130 tyran·

191 3130 271 3190 nidis
286 3132 415 3206 vestigia
430 3131 589 3194 debuistis.
609 3142 731 3195 vestrae
742 3135 823 3195 enirn
834 3133 903 3195 illae
914 3136 1067 3196 deformes
1081 3137 1171 3195 veluti

191 3214 348 3274 cicatrices
370 3216 524 3276 servitutis
545 3227 645 3291 erant,
668 3226 698 3278 et
719 3234 787 3278 curn
808 3218 876 3279 sine
896 3219 990 3280 muris
1005 3236 1062 3296 per
1077 3219 1171 3280 octin-

188 3305 300 3373 gentos
313 3313 411 3373 prope
422 3314 520 3359 annos
532 3300 628 3375 liberi,
636 3301 800 3375 aliquando
813 3301 902 3362 etiarn
914 3302 1069 3379 principes
1078 3303 1170 3362 Grac-

188 3383 255 3442 ciae
274 3381 427 3456 fuissetis,
448 3381 541 3444 muris
556 3384 640 3445 velut
654 3383 854 3458 compedibus
870 3385 1064 3449 circumdatis
1080 3387 1171 3445 uincti

184 3481 244 3540 per
260 3472 379 3528 centum
393 3481 491 3527 annos
507 3465 655 3528 servistis.
678 3468 761 3543 quod
776 3469 815 3529 ad
829 3469 913 3546 leges
929 3470 1088 3547 ademptas
1103 3471 1168 3528 atti—
