2592 3964
79 179 82 184 ⁵
189 227 231 290 as
331 223 446 283 arnna
460 220 591 282 xxxm
615 220 698 281 oar.
713 227 812 282 roan
836 219 955 296 [aaa.
968 221 1031 299 sor]

188 383 333 458 placuere
348 377 430 436 vires
445 381 476 434 et
488 374 549 435 iam
563 371 650 434 miles
666 388 792 449 quoque
807 373 847 434 ad
861 373 1023 436 delendam
1040 374 1173 452 priorem

188 459 384 541 ignominiam
398 458 518 520 hostem
529 458 688 533 poscebat,
704 453 868 519 duodecim
882 457 964 518 milia
974 473 1124 534 passuum
1135 459 1174 520 ab
1266 452 1267 455 ’

187 550 270 624 Tago
285 544 412 606 llumine
426 548 597 618 posuerant
610 547 721 602 eastm.
742 539 814 600 inde
830 541 916 602 tertia
929 540 1033 616 vigilia
1047 541 1175 605 sublatis

189 630 295 708 signis,
312 627 462 703 quadrato
477 624 597 701 agmine
608 623 760 702 principio
771 624 849 686 lucis
861 625 983 702 adlegi
994 626 1093 703 ripam
1105 641 1175 702 per·

187 719 346 776 venerunt.
367 717 452 772 trans
468 707 596 773 lluvium
610 709 640 768 in
655 709 733 770 colle
746 707 879 769 hostium
894 716 996 770 castra
1005 717 1100 771 erant.
1122 725 1176 770 ex·

188 799 317 873 templo,
345 810 407 870 quo
432 792 555 855 duobus
575 792 652 855 locis
671 792 753 852 vada
773 791 909 854 nudabat
927 793 1042 869 amnis,
1067 793 1175 856 dextre

187 890 274 960 parte
295 877 493 957 calpurnius,
515 877 603 944 laeva
620 874 777 950 Quinctius
799 873 953 938 exercitus
976 876 1177 938 traduxerunt

188 965 291 1044 quieto
307 963 397 1026 hoste
412 962 485 1023 dum
495 960 621 1022 miretur
631 958 764 1021 subitam
776 961 941 1021 adventum
951 961 1176 1038 consultatque,

188 1047 242 1128 qui
255 1048 415 1110 tumultum
435 1044 550 1106 inicere
563 1043 786 1121 trepidantibus
802 1044 833 1104 in
848 1042 919 1121 ipso
933 1044 1063 1107 transitu
1078 1045 1175 1105 carnis
1267 1070 1274 1095 .-

175 1132 350 1211 .potuisset
373 1127 493 1190 interim
503 1126 643 1202 Romani,
659 1126 885 1205 impedimentis
897 1143 1022 1205 quoque
1034 1127 1175 1190 omnibus

186 1212 336 1278 caducis
357 1210 586 1287 contractisque
600 1211 630 1272 in
645 1228 738 1272 unum
753 1212 871 1284 locum,
894 1209 967 1288 quia
980 1211 1041 1272 iam
1058 1209 1175 1273 moveri

187 1299 334 1362 videbant
345 1295 483 1369 hostem,
504 1311 563 1357 nec
584 1294 716 1372 spatium
736 1301 803 1356 erat
824 1301 926 1361 castra
940 1295 1174 1370 communiendi,

188 1383 285 1446 aciem
296 1381 514 1442 instruxerunt.
529 1379 560 1440 in
571 1379 674 1440 medio
684 1380 803 1440 locatae
814 1379 920 1456 quinta
931 1379 1085 1455 calpurnii
1096 1379 1174 1454 legio
1281 1417 1282 1420 ,

188 1475 218 1530 et
237 1473 348 1529 octava
362 1461 510 1539 Quinctiis
532 1463 564 1524 id
582 1463 678 1524 robur
697 1468 761 1524 toto
777 1462 914 1524 exercitu
928 1469 1001 1524 erat
1035 1479 1175 1538 campum

188 1557 326 1628 apertum
352 1562 455 1623 usque
474 1546 517 1607 ad
535 1544 670 1608 hostium
695 1553 798 1608 costra
816 1544 986 1621 habebant,
1009 1547 1139 1610 libemm
1159 1562 1177 1606 a

187 1641 270 1696 metu
293 1630 483 1705 insidiarum.
517 1628 623 1691 XXXI.
650 1627 781 1707 llispeni
800 1636 965 1707 postquam
985 1629 1015 1690 in
1037 1630 1178 1692 citeriore

186 1719 256 1794 ripa
270 1714 332 1777 duo
343 1715 552 1776 Romanorum
566 1710 688 1789 agmine
700 1719 939 1788 conspexerunt,
953 1719 988 1774 ut
998 1713 1178 1790 priusquam

189 1817 224 1863 se
239 1801 366 1876 iungere
381 1804 474 1874 atque
487 1796 640 1860 instruere
650 1805 781 1874 possent
791 1803 978 1873 occuparent
989 1813 1054 1874 eos,
1067 1797 1177 1860 castris

84 1906 86 1909 ·
187 1891 315 1960 repente
326 1881 419 1945 effusi
433 1881 575 1948 cursuad
586 1896 721 1956 pugnam
732 1880 868 1944 tendant
884 1887 973 1942 atrox
984 1881 1015 1942 in
1026 1881 1177 1958 principio

189 1968 339 2044 proelium
359 1963 429 2039 luit,
452 1972 482 2026 ct
494 1963 640 2041 Hispanis
661 1966 775 2026 recenti
796 1964 925 2026 victoria
938 1963 1068 2041 inflatis,
1089 1974 1121 2027 et
1134 1965 1178 2026 in·
1287 2021 1288 2038 ,

189 2057 277 2114 sueta
296 2049 463 2126 ignominia
476 2048 568 2109 milite
582 2048 722 2110 Romano
737 2063 881 2111 accenso.
911 2049 1059 2111 acerrime
1072 2049 1175 2110 medie

189 2135 289 2210 acies,
311 2134 391 2195 duae
412 2131 597 2194 fortissimae
611 2132 767 2208 legiones,
787 2131 989 2203 dimicabaat3
1012 2147 1178 2209 quoscum
1286 2129 1288 2186 ζ

189 2219 277 2280 aliter
290 2215 407 2279 moveri
426 2218 498 2278 looo
517 2233 579 2278 nan
601 2231 698 2293 posse
716 2216 817 2279 hostis
838 2225 991 2291 cerneret,
1014 2231 1112 2278 caneo
1133 2215 1178 2276 in·
1286 2221 1288 2254 ³

189 2304 264 2366 stitit
287 2315 442 2378 pugnum
471 2306 622 2378 eiusque
647 2302 761 2376 plures*
774 2299 1039 2377 confertioresque
1059 2300 1179 2361 medios

190 2386 349 2463 urgebant.
370 2381 413 2443 ibi
424 2389 590 2457 postquam
600 2383 741 2444 laborare
752 2383 849 2443 aciem
862 2384 1043 2460 calpurnius
1055 2393 1180 2460 praetor
1287 2407 1288 2412 ¹

189 2470 272 2542 vidit,
287 2468 319 2527 T.
333 2465 526 2541 Quinctilium
536 2465 652 2527 Varum
666 2473 697 2542 et
709 2467 743 2526 L.
754 2466 923 2530 Iuventium
934 2467 1080 2530 Thalnam
1096 2467 1177 2542 lega·

188 2560 238 2614 tos
259 2551 300 2612 ed
321 2549 458 2626 singulas
472 2548 611 2624 legiones
626 2550 835 2612 adhortandas
849 2567 984 2628 propere
998 2550 1102 2626 mittit,
1124 2552 1179 2612 do·

190 2651 262 2698 cere
276 2641 307 2696 et
320 2647 446 2694 monere
458 2631 543 2693 iubet
556 2631 587 2693 in
601 2633 661 2696 illis
677 2649 764 2710 spem
781 2650 901 2696 omnem
912 2633 1057 2697 vincendi
1068 2642 1099 2696 et
1109 2635 1180 2696 reti-

193 2719 314 2780 nendae
327 2715 497 2794 Hispaniae
510 2732 598 2777 esse:
620 2716 649 2779 si
662 2715 704 2778 illi
719 2718 789 2779 loco
804 2719 929 2792 cedant,
945 2719 1096 2780 neminem
1112 2719 1179 2780 elus

191 2803 345 2865 exercitus
366 2817 428 2864 nan
443 2801 536 2862 modo
551 2800 683 2877 Italiam,
703 2802 761 2863 sod
775 2816 815 2861 ne
828 2802 902 2878 Tagi
918 2802 1043 2878 quidem
1057 2802 1180 2865 ulterio-

189 2903 254 2948 rem
274 2886 374 2964 ripam
389 2901 522 2960 usquam
537 2885 684 2947 visurum.
712 2885 781 2961 ipse
795 2901 864 2946 cum
879 2885 1035 2961 equitibus
1051 2886 1180 2948 duarum

123 2990 125 2994 ⁴
189 2971 343 3046 legionum
366 2970 491 3044 paulum
511 2969 734 3031 circumvectus
756 2969 785 3028 in
801 2985 933 3031 cuneum
953 2969 1103 3044 hostium,
1126 2969 1179 3046 qui

190 3053 322 3114 mediam
336 3051 466 3126 urgebat
479 3051 586 3124 aciem,
602 3053 641 3113 ab
655 3054 752 3114 latere
766 3050 901 3115 incurrit.
936 3052 1094 3129 Quinctius
1110 3069 1181 3114 cum

190 3135 257 3196 suis
279 3135 434 3210 equilibus
455 3137 583 3197 alterum
602 3135 737 3198 hostium
753 3137 833 3198 latus
853 3137 978 3198 invadit
1010 3138 1068 3199 sed
1089 3138 1182 3211 longe

189 3219 292 3280 acrius
300 3217 496 3295 Calpurniani
506 3219 626 3294 equites
638 3220 824 3295 pugnabant,
833 3227 863 3282 et
874 3228 998 3297 praetor
1009 3219 1180 3283 anteolios=

189 3319 261 3364 nem
282 3308 313 3364 et
334 3303 451 3378 primus
465 3301 585 3364 hostem
602 3303 769 3379 percussit,
791 3304 875 3366 etita
890 3321 926 3367 se
941 3303 1104 3366 immiscuit
1118 3318 1179 3363 me·

190 3386 266 3462 diis,
287 3395 321 3449 ut
340 3385 395 3447 vix
413 3386 511 3448 utrius
532 3387 629 3463 partis
650 3393 736 3450 esset
755 3386 844 3450 nosci
865 3396 989 3466 posset;
1012 3397 1042 3452 et
1061 3387 1181 3463 equites

192 3471 345 3547 praetoris
365 3470 477 3532 eximie
496 3467 607 3532 virtute
621 3478 653 3534 ct
670 3463 806 3548 e‘quitum
828 3471 948 3550 pedites
962 3472 1087 3534 accensi
1101 3478 1183 3536 sunt
