2574 3954
305 231 421 292 uaan
435 233 536 294 xmn.
560 237 643 296 cae.
658 246 722 303 aa.
746 246 782 313 [a.
796 245 828 304 c.
842 247 904 314 170]
1034 243 1095 305 rea
1129 226 1133 235 '

115 395 180 448 tum
193 387 253 448 sibl
274 387 453 461 imperatum
474 405 493 449 a
507 389 539 448 P.
553 390 669 452 Licinio
684 394 811 453 consule
825 401 909 455 esset
924 393 1093 472 sagittario-

115 487 190 544 rum,
205 471 235 531 in
249 470 462 533 Macedoniam
476 473 615 551 misisse,
637 491 705 537 eum
720 476 895 553 interrogati
910 495 971 540 non
986 479 1093 542 inlitia-

113 562 219 616 rentur
230 555 314 630 apud
321 553 435 616 Persea
444 557 590 618 maiorem
599 575 758 621 numerum
766 562 990 636 sagittariorum
1003 581 1093 640 quam

114 639 198 714 apud
212 640 369 700 Romanos
380 640 517 715 militare,
532 656 718 717 responsum
730 651 786 719 est,
803 644 830 706 si
842 645 1002 710 cretenses
1014 648 1094 710 bene

113 739 151 783 ac
175 721 293 784 naviter
323 721 511 785 destinarent
539 726 690 801 potiorem
715 728 821 804 populi
845 730 975 790 Romani
1002 747 1093 807 quam

111 805 310 882 regisPersei
325 806 488 869 amicitiam
497 808 621 884 habere,
634 819 773 872 senatum
786 828 911 888 quoque
922 814 1092 877 Romanum

112 891 150 950 iis
171 897 326 966 tamquam
347 892 438 952 certis
460 892 555 954 sociis
575 895 923 970 responsumdaturum
944 913 1026 958 esse.
1048 899 1090 958 in-

111 982 196 1035 terea
210 975 383 1035 nuntiarent
398 974 464 1036 suis
474 977 598 1051 placere
613 980 733 1041 senatui
747 979 821 1040 dare
830 995 957 1054 operam
970 982 1091 1044 Creten-

111 1075 175 1134 ses,
189 1064 231 1132 ut,
248 1073 328 1134 quos
342 1057 452 1121 milites
466 1059 546 1120 intra
559 1060 715 1137 praesidia
724 1063 808 1139 regis
819 1063 924 1124 Persei
934 1065 1088 1141 haberent,

111 1159 168 1204 eos
183 1143 281 1217 primo
297 1157 423 1219 quoque
437 1150 576 1219 tempore
590 1145 713 1207 domum
728 1156 917 1207 revocarent.
1122 1193 1125 1198 .
1164 1143 1171 1158 ”

42 1287 47 1293 ,
196 1226 393 1288 Cretensibus
407 1243 478 1290 cum
487 1226 547 1288 hoc
557 1243 711 1305 responso
724 1230 859 1292 dimissis
873 1230 1090 1294 Chalcidenses

110 1308 222 1382 vocati,
238 1326 369 1386 quorum
383 1312 494 1386 legatio
509 1311 580 1387 ipso
595 1312 725 1386 introitu,
743 1315 783 1374 ob
798 1314 829 1374 id
845 1315 928 1389 quod
943 1315 1090 1394 Micythio

109 1395 254 1471 princeps
270 1410 376 1456 eorum
391 1395 523 1471 pedibus
538 1403 647 1470 captus
661 1395 770 1457 lectica
785 1404 833 1458 est
845 1398 1021 1473 introlatus,
1043 1401 1089 1460 ul-

110 1478 201 1540 timae
221 1479 413 1541 necessitatis
434 1479 588 1554 externplo
608 1480 677 1541 visa
695 1496 762 1554 res,
785 1480 815 1541 in
838 1497 899 1558 qua
912 1480 957 1544 ita
968 1483 1090 1544 adiecto

109 1563 269 1624 excusatio
295 1562 479 1624 valetudinis
506 1569 558 1623 aut
582 1579 622 1624 ne
642 1565 702 1639 ipsi
724 1563 848 1640 quidem
869 1566 1003 1641 petenda
1023 1567 1089 1629 visa

109 1648 189 1708 loret
208 1654 261 1707 aut
281 1646 353 1706 data
372 1646 486 1722 petenti
506 1663 568 1707 non
583 1655 676 1708 esset.
697 1663 766 1709 curn
782 1646 842 1710 sibi
857 1648 930 1710 nihil
945 1649 1007 1711 vivi
1021 1651 1089 1710 reli·

109 1747 205 1806 quum
219 1737 433 1806 praeterquam
454 1730 588 1806 linguam
602 1733 642 1791 ad
658 1732 865 1808 deplorandas
881 1733 999 1808 patriae
1013 1749 1090 1796 suae

108 1814 296 1875 calamitates
320 1811 479 1891 praelatus
503 1821 602 1889 esset,
634 1815 781 1891 exposuit
804 1813 933 1877 civitatis
959 1816 1090 1893 primum

108 1913 185 1974 suae
198 1896 359 1959 benefacta
378 1905 409 1959 et
428 1905 533 1958 vetera
553 1905 634 1959 elea
652 1914 732 1975 quae
745 1897 850 1960 Persei
863 1900 944 1961 bello
959 1901 1088 1975 praesti-

107 1982 217 2042 tissent
231 1981 362 2044 ducibus
376 1979 625 2058 exercitibusque
635 1982 801 2053 Romanis;
816 1989 881 2044 turn
896 1999 977 2059 quae
988 1985 1087 2060 primo
1167 2027 1168 2030 ,

108 2067 140 2126 c.
150 2066 311 2127 Lueretius
325 2067 356 2126 in
370 2066 539 2141 populares
555 2082 630 2127 suos
645 2073 770 2142 praetor
780 2068 940 2128 Romanus
953 2070 1088 2144 superbe

106 2164 200 2210 avare
223 2148 386 2212 crudeliter
405 2147 545 2224 lecisset,
567 2149 678 2210 deinde
700 2166 780 2225 quae
794 2157 857 2210 turn
873 2165 942 2212 cum
956 2153 1087 2211 maxime

104 2234 139 2294 L.
153 2234 337 2295 Hortensius
352 2234 475 2294 laceret.
499 2248 589 2308 quem
604 2234 644 2293 ad
658 2233 784 2294 modurn
798 2234 901 2295 omnia
912 2233 979 2307 sibi,
997 2236 1085 2294 etiam

105 2317 144 2378 iis
167 2333 247 2394 quae
261 2317 414 2393 patiantur
428 2316 577 2391 tristiora,
598 2317 744 2392 patienda
758 2331 830 2378 esse
845 2318 959 2380 ducant
975 2318 1086 2393 potius,

106 2417 198 2478 quam
212 2401 274 2462 fide
289 2401 465 2476 decedatur,
480 2401 526 2463 sic
542 2403 627 2476 quod
642 2403 681 2462 ad
692 2401 867 2463 Lucretium
875 2399 1085 2463 Hortensium-

105 2501 168 2561 que
188 2485 326 2546 attineret
346 2482 427 2545 soire
446 2484 541 2547 tubus
556 2485 654 2546 luisse
668 2485 811 2547 claudere
825 2493 932 2561 portas
949 2503 1040 2562 quam
1055 2485 1084 2545 in

103 2569 211 2630 urbem
236 2584 293 2630 eos
318 2567 469 2644 accipere.
508 2567 560 2645 qui
584 2569 792 2632 exclusissent
817 2585 888 2644 eos,
915 2569 1084 2632 Emathiam

101 2652 312 2729 Ammipoliru
326 2651 503 2714 Maroneam
516 2654 637 2714 Aenum
650 2654 821 2716 incolumes
836 2668 923 2714 esse=
949 2655 1033 2730 apud
1050 2669 1086 2714 so

102 2737 218 2811 templa
237 2736 379 2798 omnihus
400 2736 587 2798 ornamentis
603 2738 735 2813 spoliata
750 2734 976 2812 compilataque
990 2737 1083 2798 sacri-

101 2817 192 2896 legiis
218 2819 249 2880 0.
274 2819 449 2882 Lucretium
473 2819 605 2880 navibus
628 2821 752 2881 Antium
777 2818 959 2894 devexisse,
990 2818 1085 2879 libera

103 2919 236 2980 corpora
255 2901 287 2964 in
302 2903 480 2966 servitutem
493 2903 620 2978 abrepta
629 2933 640 2978 ,·
655 2905 792 2966 fortunas
806 2903 962 2965 sociorum
976 2897 1095 2978 populi¹

102 2989 234 3050 Romani
249 2986 386 3063 direptas
400 3003 473 3049 esse
487 2993 517 3048 et
531 2987 669 3063 quotidie
683 2986 783 3064 diripi.
806 3002 931 3064 namxex
946 2986 1084 3049 instituto

103 3073 135 3133 C.
156 3071 288 3134 Lucretii
306 3070 505 3134 Hortensium
533 3087 659 3148 quoque
685 3072 715 3133 in
737 3071 826 3132 lectis
848 3070 949 3132 hieme
971 3072 1085 3147 pariter

101 3163 195 3232 atque
215 3161 333 3217 aestate
353 3155 480 3217 navales
495 3152 600 3218 socios
616 3154 739 3230 habere,
755 3164 785 3218 et
800 3155 911 3217 domos
926 3172 1001 3217 suas
1018 3157 1082 3232 ple·

100 3255 159 3299 nas
174 3239 263 3301 turba
277 3240 398 3300 nautica
413 3255 501 3310 esse;
517 3240 634 3302 versari
647 3240 725 3300 inter
738 3255 773 3299 se
789 3239 937 3316 coniuges
953 3239 1082 3300 liberos·

102 3339 164 3398 que
176 3339 261 3398 suos,
274 3324 385 3398 quibus
397 3322 470 3384 nllril
482 3339 583 3398 neque
595 3322 698 3384 dicere
709 3324 798 3401 pensi
809 3324 848 3384 sit
858 3338 960 3398 neque
969 3323 1082 3382 iacere.

99 3408 179 3467 VIII.
196 3423 356 3468 arcessere
370 3407 400 3466 in
417 3414 555 3468 senatum
564 3405 738 3468 Lucretium
749 3407 871 3482 placuit
883 3413 918 3466 ut
927 3407 1081 3478 discepta-

98 3499 147 3551 ret
165 3507 269 3552 eoram
283 3497 490 3566 purgaretque
506 3506 586 3550 sese.
614 3497 748 3551 ceterum
768 3489 971 3608 multossplura
991 3501 1081 3562 prae-
