2592 3964
305 237 422 298 LIBER
435 237 496 298 XL.
517 233 600 298 CAP.
616 245 644 298 ὁ.
655 247 680 302 6.
693 246 718 302 7.
743 245 778 314 [a.
792 245 823 303 C.
837 245 898 312 182]
1046 238 1089 304 bi

106 389 175 466 luit,
192 405 307 464 corpus
324 387 414 448 nobis
435 387 635 449 reddiderunt
647 389 794 463 Romani,
816 389 948 451 animum
962 388 1023 467 ipsi
1038 391 1091 463 ha-

106 477 192 536 bant
227 469 364 535 omnium
382 481 484 548 paene
501 472 704 532 Macedonum
725 474 755 532 in
777 488 845 534 eum
866 488 923 534 ora
941 488 1094 536 conversa

106 564 191 632 sunl,
205 572 264 617 nec
277 571 382 630 regem
396 570 431 615 se
447 554 539 616 alium
550 556 633 616 aiunt
643 555 802 618 habituros
814 572 886 618 esse
898 573 990 633 quam
1003 575 1096 634 quem

105 641 241 703 Romani
255 639 445 700 dedisseut“.
468 639 521 700 his⁴
531 653 588 714 por
603 655 638 700 se
653 655 746 714 aegra
760 657 848 701 mens
862 643 949 703 senis
959 641 1094 703 stimula-

105 727 209 799 batur,
226 729 257 785 et
268 724 369 784 animo
383 722 481 798 magis
497 739 587 798 quam
602 723 688 785 vultu
702 739 740 784 ea
754 725 880 786 crimina
894 724 1073 801 accipiebat.

195 807 248 867 vl.
268 807 361 868 Forte
371 807 519 868 lustrandi
530 808 682 868 exercitus
695 807 778 868 venit
787 814 918 882 tempus,
934 809 1020 868 cuius
1033 813 1095 870 sol-

106 895 215 953 lemne
233 897 282 952 est
300 891 377 951 talc=
407 897 500 965 caput
516 891 633 950 mediae
649 891 739 952 canis
749 891 910 968 praecisae
924 899 956 954 et
967 908 1040 967 pars
1055 894 1096 953 ad

109 977 265 1047 denham,
295 989 365 1036 cum
388 973 467 1034 entis
493 973 647 1049 posterior
671 975 712 1036 ad
730 975 848 1036 laevam
869 976 938 1036 viae
957 975 1097 1052 poniturz

108 1061 192 1121 inter
210 1058 291 1119 hanc
312 1057 441 1119 divisam
462 1057 593 1118 hostiam
615 1058 725 1134 copiae
739 1065 872 1120 armatae
886 1059 1096 1120 deducuntur.

109 1143 327 1220 mimitatur
346 1140 446 1216 prino
466 1141 578 1215 agmini
599 1155 684 1202 arma
703 1142 838 1218 insignia
850 1141 983 1204 omnium
998 1144 1037 1204 ab
1050 1147 1095 1206 ul

110 1227 188 1286 tima
199 1225 320 1301 origine
326 1224 525 1284 Macedoniae
535 1225 651 1300 regum,
667 1225 780 1286 deinde
791 1241 849 1286 rex
860 1225 929 1302 ipse
941 1242 1011 1288 cum
1022 1225 1096 1287 libe-

110 1311 157 1371 ris
179 1309 334 1386 sequitur,
355 1308 496 1384 pronima
516 1315 564 1368 est
576 1304 662 1382 regia
677 1308 790 1370 cohors
806 1309 1015 1386 carstcdesque
1029 1325 1092 1370 cor·

110 1391 218 1470 poris,
242 1399 432 1468 postremum
458 1407 567 1466 agmen
589 1391 792 1454 Macedonum
814 1399 916 1453 cetera
936 1393 1097 1454 multitudo

113 1476 239 1539 alachi.
265 1478 362 1536 latera
380 1475 462 1550 regis
477 1475 539 1535 duo
554 1474 608 1534 lilii
622 1475 754 1536 iuvenes
767 1474 944 1551 cingebant,
963 1475 1098 1536 Perseus

11 1613 12 1616 ,
112 1563 177 1621 ianr
189 1559 376 1620 uicesimum
391 1574 504 1619 annum
515 1559 807 1633 agens„Demetrius
821 1557 1029 1636 quinquennio
1042 1560 1096 1618 mi-

112 1659 181 1718 ncr,
197 1643 297 1703 medio
313 1643 455 1704 iuventae
467 1642 582 1704 robore
595 1642 654 1718 ille,
669 1642 718 1703 hic
733 1641 826 1716 tiore,
842 1643 986 1705 lomnnati
1000 1641 1098 1718 patris

113 1733 233 1788 matura
247 1727 383 1801 suboles,
399 1726 426 1786 si
439 1741 527 1786 mens
541 1741 619 1786 sanc
632 1733 724 1788 esset.
746 1741 814 1787 mos
830 1733 896 1788 erat
909 1726 1099 1788 lustrationis

114 1826 207 1872 sacro
231 1817 357 1885 peracto
378 1810 543 1870 decurrere
563 1810 744 1882 exercitum,
771 1817 802 1870 et
821 1809 939 1871 divisas
959 1809 1099 1869 bifariam

114 1896 195 1957 duas
216 1893 299 1954 acics
322 1880 507 1954 concurreris
526 1893 567 1953 ad
587 1892 783 1954 simulacrum
801 1909 933 1970 pugnae.
961 1892 1038 1967 regii
1053 1893 1096 1951 in-

113 1993 214 2038 venes
230 1977 325 2038 duces
337 1975 366 2037 ei
380 1975 496 2037 ludicro
510 1977 666 2038 certamini
678 1975 756 2038 datia
779 1983 914 2038 ceterum
924 1990 986 2037 non
997 1977 1099 2050 imago

114 2059 174 2123 luit
186 2076 324 2137 pugnae,
340 2059 398 2120 sed
411 2067 565 2135 umquam
580 2061 619 2120 de
632 2076 728 2135 regno
744 2060 953 2134 dimicaretur,
968 2059 1010 2120 ita
1025 2075 1096 2119 con-

116 2150 294 2218 currerunt,
315 2145 471 2217 multaque
490 2144 619 2203 vulnera
638 2144 766 2204 rudibus
788 2145 882 2217 lacta,
903 2157 961 2203 neo
976 2149 1101 2216 praeter

115 2230 230 2290 ferrum
246 2227 409 2304 quicquam
423 2227 522 2286 deluit
532 2227 572 2287 ad
586 2226 696 2287 lusiam
710 2225 782 2286 belli
798 2225 944 2299 speeiem.
966 2240 1040 2301 pars
1052 2240 1099 2298 ea,

10 2313 11 2318 ’
116 2329 199 2388 quae
213 2311 272 2372 sub
286 2310 438 2372 Demetrio
454 2317 527 2382 erat,
542 2312 635 2383 longe
649 2309 791 2385 superior
804 2309 868 2369 luit.
890 2307 923 2368 id
937 2322 1029 2382 aegre
1044 2323 1098 2382 pa·

10 2423 13 2438 ·
114 2395 210 2456 tiente
222 2395 337 2455 Perseo
357 2393 464 2466 laetari
485 2393 652 2469 prudentes
672 2392 761 2452 amici
783 2392 864 2464 eius,
890 2405 1020 2466 eamque
1035 2406 1099 2450 rem

114 2480 217 2555 ipsam
245 2479 349 2538 dicere
377 2477 581 2552 praebituram
606 2493 732 2538 causam
760 2475 939 2536 criminandi
966 2474 1097 2535 iuvenis.

114 2564 182 2624 Vll.
206 2561 380 2623 convivium
400 2577 438 2622 eo
458 2561 509 2620 die
529 2560 695 2634 sodalium,
719 2559 771 2636 qui
785 2560 875 2620 simul
891 2559 1098 2630 decurrerant,

115 2655 248 2721 uterque
259 2641 380 2720 hahuit,
401 2660 471 2705 cnm
485 2651 614 2705 vocatus
629 2645 669 2704 ad
684 2659 792 2704 cenam
805 2643 844 2703 ab
859 2643 1012 2703 Demetrio
1027 2640 1097 2701 Pcr-

116 2746 192 2792 seus
211 2735 366 2804 negasset.
399 2729 479 2789 lesio
496 2726 545 2788 die
560 2727 693 2802 benigna
707 2727 843 2786 invitatio
860 2732 890 2786 et
902 2725 1038 2786 hilaritas
1053 2725 1097 2785 iu-

114 2813 234 2874 venalis
254 2817 402 2887 atrosque
416 2809 448 2872 in
462 2811 565 2872 vinum
579 2811 679 2870 traxit.
713 2808 961 2871 commemoratio
976 2809 1018 2868 ibi
1033 2823 1097 2868 cer-

114 2894 239 2960 taminis
259 2894 368 2956 ludicri
388 2899 419 2954 et
437 2895 546 2956 iocosa
566 2894 648 2954 dicta
666 2893 697 2952 in
715 2892 926 2965 adversarios,
947 2892 988 2954 ita
1007 2898 1101 2950 utne

10 3053 12 3058 s
115 2980 199 3057 ipsis
216 2979 340 3054 quidem
361 2979 492 3040 ducibus
512 2977 731 3051 abstineretur,
753 2973 952 3038 laetabantur.
981 2975 1021 3035 ad
1040 2974 1098 3034 has

10 3082 14 3090 ’
117 3063 316 3140 excipiendas
340 3078 434 3123 voces
455 3064 631 3138 speculator
651 3077 690 3121 ex
705 3060 843 3122 convivis
858 3059 963 3121 Persei
983 3060 1098 3119 missus

117 3163 187 3209 cum
207 3147 359 3208 incautior
378 3146 608 3219 obversaretur,
629 3153 779 3221 exceptus
800 3161 819 3204 a
838 3144 1000 3204 iuvenibus
1022 3145 1101 3204 lorte

116 3231 246 3292 triclinio
261 3230 398 3306 egressis
412 3231 491 3290 male
505 3231 663 3291 mulcatur.
685 3227 777 3290 huius
791 3227 836 3288 rci
851 3229 975 3302 ignarus
990 3227 1098 3286 Deme-

115 3315 193 3378 trius
213 3315 308 3392 „quin
324 3313 523 3376 comisatum“
537 3313 635 3389 inquit
653 3312 715 3388 „ad
729 3314 851 3374 fratrem
866 3311 959 3383 imus,
981 3316 1012 3369 et
1024 3309 1099 3367 iram

116 3400 195 3475 eius,
210 3399 238 3460 si
253 3414 314 3474 qua
328 3414 369 3458 ex
384 3396 548 3458 certamine
561 3396 684 3471 residet,
700 3396 892 3472 simplicitate
907 3401 938 3454 et
949 3391 1099 3452 hilaritate

115 3491 224 3545 nostra
238 3481 410 3544 lenhnush‘
431 3496 539 3542 ornnes
553 3496 588 3542 sc
602 3481 647 3539 irc
658 3481 894 3553 conclamarunt,
909 3480 1031 3554 praeter
1042 3489 1097 3534 eos
