2592 3964
288 256 404 319 LIBER
418 257 549 319 XXXIX.
572 256 655 318 cAP,
672 263 715 319 Tb.
727 265 770 320 24.
792 265 827 332 [a.
842 265 874 318 C.
887 265 949 332 185]
1066 261 1106 326 21

120 425 225 473 novae
246 417 339 486 atque
359 409 498 470 insuetae
517 409 663 470 libertatis
684 408 757 471 vitio
780 412 981 476 seditionibus
998 413 1107 492 princi·

118 511 195 572 pum
216 494 369 568 turbatas,
391 491 529 568 partibus
550 506 628 568 quae
642 493 812 556 domestico
828 498 991 558 certamine
1005 499 1108 562 vince-

120 585 231 639 rentur
245 576 440 652 adiungendo
455 590 527 636 sese
541 575 632 651 cepit.
661 575 767 638 xxiv.
787 577 836 640 his
852 580 1004 642 sedatam
1019 598 1108 658 prae·

117 662 222 724 sentia
234 659 318 736 regis
333 659 379 722 ira
393 658 424 722 in
438 659 595 721 Romanos
610 665 667 722 est.
694 677 860 737 numquam
876 669 978 725 tamen
992 665 1109 728 remisit

118 746 256 807 animum
271 761 289 804 a
303 742 508 834 colligendis
500 760 530 803 m
545 757 623 819 pace
637 742 770 821 viribus,
792 745 905 820 quibus
920 749 1109 846 quandoque

117 829 193 890 data
208 830 329 890 fortuna
341 810 426 888 esset
436 827 477 888 ad
486 825 599 889 bellum
609 834 753 888 uteretur
776 828 937 905 vectigalia
946 833 1033 907 regna
1045 849 1108 896 non

116 912 270 974 fructibus
295 916 412 972 tantum
437 925 581 986 agrorum
606 911 813 988 portoriisque
838 913 995 975 maritimis
1014 917 1106 976 auxit

116 997 176 1057 sed
202 994 323 1055 metalla
348 993 438 1054 etiam
459 1000 489 1055 ct
508 1000 613 1055 vetera
632 995 807 1057 intermissa
828 997 957 1058 recoluit
976 1004 1007 1058 et
1026 1015 1109 1060 nova

115 1079 222 1142 multis
244 1076 323 1140 locis
343 1075 480 1139 instituit.
509 1082 544 1138 ιιι
556 1091 632 1139 vero
647 1077 803 1157 antiquam
815 1080 1037 1142 multitudinem
1052 1082 1106 1144 ho·

114 1163 248 1236 minum,
271 1176 351 1237 quae
364 1159 438 1223 belli
452 1158 591 1223 cladibus
606 1160 721 1224 amissa
734 1169 813 1238 erat,
835 1165 1023 1240 restitueret,
1045 1182 1107 1228 non

116 1246 261 1308 subolem
288 1251 404 1306 ιιιιιιιιιι
424 1243 529 1322 stirpis
551 1246 680 1322 parabat
699 1247 848 1322 cogendis
870 1247 1012 1311 omnibus
1034 1265 1106 1326 prc-

115 1344 225 1391 creare
240 1334 333 1403 atque
347 1329 480 1389 educare
491 1328 614 1402 liberos,
631 1329 688 1390 sed
698 1327 849 1391 Thracum
862 1331 952 1392 etiam
964 1348 1106 1408 magnam

115 1411 340 1473 multitudinem
361 1412 391 1472 in
405 1410 617 1473 Macedoniam
639 1412 829 1488 traduxerat,
853 1414 1105 1490 quietusqueoli-

116 1495 267 1572 quamdiu
280 1511 299 1556 a
314 1494 402 1556 bellis
419 1495 502 1556 omni
517 1510 590 1556 cura
603 1493 634 1555 in
646 1496 805 1571 augendas
819 1497 906 1574 regni
917 1513 995 1574 opes
1008 1498 1105 1560 inten-

115 1586 167 1641 ius
190 1581 298 1642 iuerat.
325 1579 446 1638 rediere
468 1578 579 1642 deiude
593 1593 723 1654 causae,
746 1595 826 1655 quae
842 1579 1013 1658 deintegro
1028 1581 1104 1648 iram

114 1669 277 1725 moverent
287 1661 317 1722 in
326 1663 494 1724 Romanos.
510 1661 728 1724 Thessalorum
740 1662 1017 1726 etPerrhaeborum
1030 1683 1106 1742 que·

113 1747 211 1808 rellae
231 1745 275 1806 de
285 1744 413 1806 urbibus
429 1746 494 1806 suis
509 1745 548 1806 ab
563 1761 601 1808 eo
622 1746 796 1822 possessis,
816 1753 847 1808 et
860 1749 1033 1825 legatorum
1045 1751 1106 1812 Eu·

114 1831 216 1891 menis
235 1829 319 1905 regis
338 1829 378 1890 de
390 1828 526 1890 Thraciis
542 1828 666 1906 oppidis
682 1830 813 1904 pervim
828 1833 986 1908 occupatis
1003 1834 1105 1894 uadu-

115 1921 229 1990 ctaque
249 1913 280 1973 in
295 1911 508 1974 Macedoniam
528 1912 733 1986 multitudiue,
754 1912 797 1975 ita
811 1915 934 1976 auditae
950 1925 1049 1988 arant,
1072 1924 1105 1979 ut

114 2012 247 2058 easnon
258 1995 379 2072 neglegi
391 1995 466 2057 saus
480 2003 651 2073 appareret.
675 2013 806 2060 nraxrme
816 2007 955 2062 moverat
964 2007 1105 2063 senatum

115 2078 231 2158 quod
222 2095 283 2158 ram
297 2079 377 2139 Aeni
397 2085 429 2140 et
441 2078 606 2140 Maroneae
626 2080 773 2142 adlectari
796 2082 1031 2156 possessionem
1052 2101 1104 2144 au·

114 2163 250 2234 dierant3
274 2163 375 2223 miuus
391 2160 558 2224 Thessalos
579 2162 734 2223 curabant.
768 2164 956 2226 Athamanes
978 2183 1104 2242 quoque

114 2256 268 2309 venerunt
280 2246 387 2322 legati,
403 2261 466 2306 nen
480 2245 576 2321 partis
591 2246 740 2322 amissae,
755 2263 816 2306 non
832 2246 938 2307 finium
953 2249 1102 2310 iacturam

115 2337 298 2408 querentes,
320 2329 377 2390 sed
399 2335 492 2398 totam
512 2327 725 2389 Athamaniam
746 2329 832 2391 sub'
824 2346 873 2391 rus
894 2329 1106 2407 iudiciumque

114 2413 201 2490 rogis
213 2412 352 2485 venisse;
368 2417 400 2472 el
409 2409 627 2473 Maronitarum
639 2415 765 2474 exsules
777 2448 818 2458 -
831 2421 917 2476 erant
927 2415 1019 2491 pulsi,
1033 2416 1105 2491 quia

114 2497 264 2558 libertatis
285 2511 411 2557 causam
432 2494 646 2556 defendissent
667 2495 705 2556 ab
728 2497 814 2573 regio
836 2498 1061 2573 praesidio-2
1083 2497 1104 2559 ii

114 2597 179 2642 nou
193 2579 371 2640 Maroneam
391 2578 484 2639 modo
505 2579 562 2640 sed
576 2577 666 2640 ctiam
679 2580 801 2641 Aenum
814 2580 845 2639 in
860 2588 1012 2656 potestate
1026 2599 1104 2642 nun-

114 2663 234 2726 tiabant
247 2676 319 2724 esse
329 2659 472 2738 Philippi.
492 2669 641 2725 venerant
655 2669 685 2724 et
694 2679 713 2722 a
723 2663 863 2740 Philippo
878 2666 969 2741 legati
981 2667 1020 2726 ad
1032 2683 1103 2742 pur-

114 2748 220 2823 ganda
239 2763 292 2822 ea,
314 2746 366 2824 qui
386 2745 460 2806 nihil
480 2745 539 2806 nisi
552 2744 707 2823 permissu
720 2748 927 2810 Romanorum
941 2750 1104 2824 imperato·

114 2847 184 2892 rum
206 2832 319 2891 lactum
344 2829 560 2890 adfirmabanb
591 2827 729 2890 civitates
749 2831 966 2894 Thessalorum
984 2839 1015 2892 et
1032 2833 1103 2892 Per-

113 2913 302 2996 rhaeborum
323 2918 355 2975 et
367 2912 542 2989 Magnetum
557 2919 587 2975 et
601 2929 669 2974 cunr
683 2915 884 3014 Amynandro
899 2916 1104 2978 Athamanum

114 2998 269 3072 gentem
259 3015 291 3059 ιιι
311 2997 419 3060 eadem
447 3012 543 3060 causa
567 3013 629 3073 qua
649 2998 817 3060 Aetolosi
803 2997 914 3071 luisse,
950 2999 1103 3062 Antiocho

114 3097 191 3158 rege
202 3081 294 3158 pulso
307 3090 491 3157 occupatum
503 3081 719 3178 oppugnandis
731 3061 878 3144 Aetolicis
889 3083 1017 3144 urbibus
1030 3100 1102 3146 con·

116 3167 220 3228 sulem
243 3167 284 3227 ad
307 3164 504 3242 recipiendas
530 3181 584 3227 eas
610 3165 748 3228 civitates
768 3163 942 3242 Philippum
962 3166 1102 3236 misisse,

115 3250 211 3312 armis
225 3251 374 3312 subactos
389 3265 508 3326 parere.
530 3257 710 3311 senatusue
725 3250 799 3326 quid
813 3249 941 3311 absente
953 3265 1027 3326 rege
1042 3258 1102 3310 sta·

114 3340 230 3408 lueret,
252 3336 371 3410 legatos
394 3333 434 3396 ad
455 3349 509 3396 eas
531 3334 758 3395 controversias
780 3333 1001 3408 disceptandas
1022 3333 1104 3393 misit

117 3417 152 3492 Q.
169 3416 332 3481 caecilium
351 3417 506 3480 Metellum
525 3418 566 3479 M.
581 3415 728 3479 Baebium
746 3416 936 3493 Tamphilum
956 3415 1000 3475 Ti.
1015 3414 1102 3476 Sem-

116 3502 269 3578 pronium.
305 3517 434 3580 quorum
459 3502 516 3563 sub
542 3501 704 3564 adveutum
729 3501 770 3562 ad
788 3500 965 3561 Thessalica
988 3499 1103 3575 Tempe
