2570 3952
247 199 441 260 ΕΡΙΤΟΜΑΕ
456 199 659 262 LIBRORUM
670 202 1016 263 LXXXIV—LXXXIX.
1061 203 1121 266 311

144 353 214 395 Carbo
230 364 278 394 cum
293 353 320 392 ab
335 353 436 393 omnibus
450 351 540 404 oppldls
553 351 632 393 ltaliae
644 349 783 404 coloniisque
796 351 886 392 obsides
901 351 991 402 exigere
1006 353 1082 402 vellet,
1099 358 1124 394 ut

142 407 207 448 tidem
222 418 295 449 eorum
311 409 386 447 contra
399 405 485 447 Sullam
500 405 617 456 obligaret,
634 415 743 446 consensu
756 408 848 446 senatus
862 404 989 458 prohibitus
1001 410 1043 447 est.
1059 407 1124 447 novis

142 462 227 502 civibus
241 462 334 502 senatus
348 459 450 500 consulto
464 459 591 511 suffragium
607 457 683 500 datum
698 463 740 500 est.
756 459 783 503 0.
791 457 898 500 Metellus
911 459 971 510 l’lus,
985 459 1022 511 qul
1038 465 1121 513 partem

142 516 281 569 optimatium
295 517 386 554 secutus
400 515 459 563 erat,
476 525 525 554 eum
540 513 563 552 in
578 513 651 554 Africa
665 513 748 554 bellum
763 512 890 562 moliretur,
905 525 920 553 a
935 512 961 557 c.
977 513 1045 555 Fabio
1060 525 1122 566 prae-

142 573 191 610 tore
206 570 285 622 pulsus
298 570 344 618 est,
359 570 497 620 senatusque
507 566 633 608 consultum
646 577 685 619 per
696 566 813 607 factionem
825 567 934 609 Carbonis
946 570 968 608 et
975 567 1123 609 Marianarum

141 624 238 676 partIum
257 624 339 663 lactum
358 624 405 671 est,
427 623 452 660 ut
466 629 542 662 omnes
562 621 643 672 ublque
664 621 777 661 exercitus
791 619 965 662 dimitterentur.
987 622 1086 662 libertini
1100 622 1122 661 ln

143 679 241 730 qulnque
260 682 282 717 et
301 675 392 728 triginta
406 675 478 716 tribus
493 673 606 716 distributi
622 677 682 714 suut.
702 677 819 726 practerea
833 673 888 714 belli
903 677 1044 727 apparatum,
1064 676 1123 728 quod

140 734 219 772 contra
235 730 321 772 Sullam
337 729 488 778 excitabatur,
503 728 607 769 continet.

194 784 303 826 LXXXV.
318 781 383 825 Sulla
398 784 419 822 in
434 779 520 824 ltaliam
534 793 583 824 eum
598 782 697 823 exercitu
712 782 806 831 traiecit,
820 781 940 833 missisque
950 781 1030 834 legatis
1045 785 1083 836 qul
1095 784 1123 825 de

140 849 196 892 pace
211 840 307 890 agerent,
323 849 336 878 a
351 837 440 878 consule
449 837 474 879 C.
482 837 587 879 Norbano
602 836 699 884 violatia,
715 834 808 877 eundem
816 834 945 876 Norbanum
959 837 1046 889 proelio
1061 838 1122 879 vluit.

141 895 164 933 et
185 903 233 932 cunr
247 893 273 933 la.
288 891 411 944 Scipionis,
431 891 524 933 alterins
543 889 655 941 consulis,
678 901 727 930 curn
747 901 790 942 quo
810 889 938 943 peremnia
952 890 976 932 id
991 894 1076 942 egerat,
1099 894 1123 932 ut

140 956 218 998 pacem
233 947 340 996 iungeret,
357 956 396 984 nec
409 948 521 996 potuerat,
537 948 611 985 castra
621 945 788 996 oppugnaturus
800 945 868 993 esset,
884 943 1001 984 universus
1011 945 1123 986 exercitur

141 999 240 1040 consulis
258 997 392 1039 sollicitatus
406 1009 447 1051 per
461 999 555 1040 emissos
568 1010 582 1039 a
595 997 660 1039 Sulla
680 998 763 1038 milites
778 998 841 1049 signa
854 996 884 1038 ad
898 996 985 1038 Sullam
999 997 1121 1040 transtullt.

140 1053 219 1106 Scipio
240 1065 289 1092 cum
304 1051 375 1092 occidi
395 1053 610 1105 posset,-dimiaeus
630 1055 671 1092 eat.
694 1051 735 1094 cn.
750 1052 880 1104 Pompeius,
901 1050 942 1092 Cn.
956 1053 1049 1105 Pompei
1063 1051 1123 1094 tillus

141 1109 189 1148 elur
205 1107 243 1159 qui
257 1105 361 1147 Asculum
376 1108 478 1158 ceperat,
499 1107 624 1158 conscripto
640 1106 813 1146 voluntariorum
827 1105 927 1147 exercitu
942 1117 990 1147 cum
1005 1107 1076 1147 tribus
1091 1108 1121 1148 te·

140 1162 243 1214 gionlbue
257 1159 285 1199 aul
299 1159 386 1202 Sullam
400 1161 502 1209 venerat3
521 1159 551 1199 ad
565 1170 630 1212 quem
645 1168 670 1200 se
685 1159 790 1200 nobilitas
804 1159 876 1200 omnis
891 1158 1031 1210 conserebat,
1053 1161 1083 1202 ita
1098 1163 1122 1200 ut

126 1217 230 1257 'deserta
250 1214 304 1254 urbe
322 1213 352 1254 ad
366 1217 440 1254 castra
454 1215 573 1254 veniretur.
595 1215 709 1265 praeterea
728 1212 883 1266 expeditiones
897 1223 937 1266 per
951 1216 1020 1255 totam
1037 1213 1122 1256 ltaliam

141 1269 257 1319 utriusque
271 1267 341 1318 partia
357 1266 435 1307 ducum
449 1265 581 1306 referuntur.

193 1319 310 1362 LXXXVl.
327 1320 382 1362 Cum
398 1320 422 1361 C.
435 1320 518 1360 lilarlua
529 1320 554 1363 G.
566 1320 631 1362 blatii
646 1319 704 1362 flllna
719 1321 797 1362 consul
812 1322 864 1360 ante
878 1331 948 1361 annos
963 1319 1065 1376 [viginti]
1081 1331 1121 1374 per

140 1377 185 1416 rim
201 1377 288 1414 creatus
302 1374 380 1424 estet,
397 1374 422 1416 C.
438 1373 517 1414 Fabius
532 1375 554 1413 in
568 1374 642 1414 Airlca
673 1376 748 1426 ropter
763 1373 916 1414 crudelitatem
932 1376 955 1414 et
970 1374 1085 1414 avaritiam
1099 1374 1121 1414 in

140 1428 253 1483 praetorio
274 1438 315 1467 suo
330 1428 395 1468 virus
410 1430 501 1469 exustus
516 1430 559 1466 eat.
573 1427 599 1468 L.
613 1385 733 1480 Phidippus
746 1427 834 1478 legatus
849 1425 926 1468 Sullae
940 1426 1079 1478 Sardiniam,
1095 1427 1123 1470 Q.

139 1484 235 1524 Antonio
249 1485 354 1534 praetere
367 1481 434 1534 pulso
449 1483 472 1522 et
486 1482 573 1530 occiso,
593 1482 717 1534 occupavit.
732 1479 796 1522 Sulla
809 1491 858 1522 cum
872 1479 955 1521 ltalicla
969 1481 1073 1534 populis,
1094 1492 1123 1522 ne

140 1538 255 1579 timeretur
268 1535 297 1576 ab
312 1535 341 1576 lis
355 1535 418 1577 velut
431 1538 547 1588 erepturus
561 1535 673 1576 civitatem
689 1537 712 1576 et
726 1534 873 1586 suffragiiiua
888 1545 958 1587 nuper
974 1535 1060 1584 datum,
1077 1535 1122 1576 loe·

141 1591 183 1632 dus
197 1589 317 1644 percussit.
340 1589 398 1630 idem
417 1601 444 1630 ue
458 1601 487 1630 ex
502 1588 581 1630 fiducia
595 1589 637 1630 lam
653 1591 726 1630 certae
741 1589 848 1629 victoriae
861 1587 997 1640 litigatores,
1013 1600 1026 1630 a
1041 1589 1123 1641 quibus

140 1646 254 1694 adibatur,
270 1643 394 1684 vadimonia
427 1654 498 1685 ornam
513 1643 600 1684 differre
614 1643 691 1692 lussit,
711 1654 788 1684 cuma
818 1644 865 1683 arte
881 1642 969 1685 diversa
983 1645 1037 1684 urba
1050 1642 1122 1684 adhuc

140 1701 261 1741 teneretur.
281 1697 306 1738 L.
320 1697 472 1750 Damasippus
486 1699 575 1750 praetor
589 1707 619 1738 ex
632 1697 748 1738 voluntate
763 1696 788 1738 G.
825 1697 866 1738 arii
881 1697 979 1740 consulte
994 1708 1043 1738 oum
1058 1707 1121 1740 sena·

140 1757 187 1795 tum
202 1753 358 1802 contraxisset,
373 1763 459 1793 omnem
473 1762 531 1804 quae
545 1751 568 1790 iu
583 1752 637 1792 urbe
652 1753 699 1792 erat
713 1751 852 1791 nobilitatem
867 1750 1000 1800 trucidavit,
1016 1761 1044 1791 ex
1059 1751 1122 1791 euius

141 1817 232 1848 numero
251 1805 279 1848 Q.
297 1805 385 1847 Mucius
406 1805 516 1846 Scaevola
535 1805 637 1857 pontifex
656 1805 765 1845 maximus
784 1805 872 1856 lugiens
893 1804 915 1843 in
935 1804 1045 1844 vestibulo
1060 1805 1122 1845 aedis

140 1863 223 1902 Vestae
236 1859 323 1901 oculeus
337 1863 381 1901 est.
401 1861 517 1912 praeterea
535 1859 618 1901 bellum
632 1871 645 1900 a
659 1859 685 1900 L.
700 1858 791 1898 lilurena
810 1857 919 1898 adversus
934 1855 1084 1898 lllitlrridatem
1099 1859 1122 1898 in

140 1914 195 1956 Asia
209 1914 339 1954 renovatum
353 1914 457 1954 eontinet.
981 1937 982 1940 =

91 2019 92 2024 ¹
194 1965 322 2010 uxxxvn.
342 1965 406 2008 Sulla
421 1968 446 2011 c.
462 1967 568 2015 Marium,
588 1966 687 2008 exercitu
703 1967 752 2008 eiua
766 1966 816 2008 tuso
832 1965 950 2019 deletoque
964 1964 993 2008 ad
1008 1965 1122 2021 Sacripor-

143 2023 195 2071 tum,
210 2023 232 2060 in
248 2019 330 2071 oppido
343 2020 464 2060 Praeneste
475 2020 570 2062 obsedit.
585 2021 660 2060 urbem
675 2019 765 2062 Romam
780 2033 809 2062 ex
823 2020 958 2062 inimicorum
972 2021 1073 2064 manibus
1088 2033 1121 2062 re-

143 2077 209 2169 tegit.
230 2073 624 2178 rddrdumteddmpmrddmpmtdd
637 2074 744 2169 repddund
764 2077 881 2127 praeterea
899 2087 936 2118 res
950 2087 963 2116 a
978 2075 1059 2127 legatis
1074 2077 1122 2118 eiua

142 2141 168 2172 ea
185 2141 219 2170 em
265 2139 317 2168 rue
341 2139 353 2167 o
378 2139 463 2180 unapa
487 2140 530 2168 rum
545 2139 607 2181 gera
634 2139 674 2168 con
695 2139 740 2173 ue.

195 2179 334 2225 mxxxvrn.
358 2180 422 2222 Sulla
436 2181 572 2231 Carbonem,
587 2183 687 2222 exercitu
704 2181 751 2222 elus
766 2181 815 2222 tuso
830 2181 857 2222 ad
874 2181 981 2232 Clusium,
996 2181 1024 2222 ad
1038 2183 1121 2224 Faven-

141 2237 195 2277 tiam
211 2235 380 2286 Fidentiamque
395 2246 467 2284 caeso,
483 2235 548 2276 ltalia
562 2234 661 2286 expulit,
680 2245 729 2275 cum
744 2235 892 2284 Samnitibus,
908 2236 947 2287 qui
961 2235 1005 2276 roll
1019 2247 1048 2276 ex
1061 2235 1122 2277 ltali-

142 2292 175 2332 cis
193 2288 284 2342 populis
303 2288 398 2329 nondum
418 2299 478 2329 arma
497 2291 630 2342 posuerant,
651 2290 713 2328 iuxta
733 2289 808 2329 urbem
827 2289 949 2330 Romanam
970 2291 1022 2329 unte
1035 2291 1122 2340 portam

142 2343 252 2386 collinam
272 2341 405 2392 debellavit,
425 2346 599 2396 recuperataque
613 2353 637 2383 re
657 2341 747 2395 publica
761 2341 930 2394 pulcherrimam
945 2342 1060 2384 victoriam
1075 2353 1122 2383 cru-

145 2397 246 2447 ielitate‚
262 2399 346 2449 quanta
359 2397 381 2438 in
397 2396 459 2437 nullo
474 2396 586 2438 bominum
602 2395 655 2447 tuit,
671 2395 805 2450 inquinavit.
821 2399 871 2437 octo
885 2395 947 2438 milia
961 2395 1085 2437 deditorum
1100 2397 1123 2436 ln

141 2452 197 2492 villa
217 2451 307 2504 publica
326 2449 446 2492 trucidavit
452 2465 460 2498 5
480 2451 578 2492 tabulam
592 2451 762 2504 proscriptionis
776 2451 905 2504 proposuit,
923 2450 999 2495 urbem
1013 2460 1039 2490 ac
1054 2451 1123 2490 totam

141 2506 228 2547 ltaliam
248 2505 354 2545 caedibus
372 2502 480 2557 replerit,
501 2506 559 2546 inter
578 2514 634 2557 quaa
653 2515 729 2553 omnes
747 2504 907 2546 Praenestinos
927 2507 1021 2546 inermes
1036 2504 1123 2545 concidi

142 2561 220 2609 lussit,
237 2559 331 2600 Marium
345 2559 451 2600 senatorii
465 2557 551 2600 ordlnls
566 2562 637 2600 virum
652 2558 753 2599 cruribus
767 2558 909 2610 brachiisque
924 2557 1014 2608 tractis,
1033 2558 1123 2599 auribus

141 2615 264 2667 praesectis
279 2614 302 2653 et
317 2612 388 2653 oculis
408 2613 495 2654 effossis
509 2615 603 2654 necarit.
624 2613 648 2653 t).
662 2612 746 2653 Marius
760 2613 881 2654 Praeneste
893 2613 1000 2653 obsessus
1014 2623 1028 2652 a
1042 2612 1122 2653 Lucre-

142 2669 173 2708 tlo
188 2664 264 2707 osella
279 2665 421 2707 Sullanarum
439 2667 534 2718 partium
553 2668 614 2714 vlro,
636 2677 685 2706 oum
703 2677 745 2718 per
759 2665 883 2707 cuniculum
904 2666 1005 2717 captaret
1019 2665 1121 2714 evadere,

141 2722 234 2772 saeptus
254 2719 281 2759 ab
302 2721 402 2760 exercitu
422 2723 512 2761 mortem
533 2720 577 2761 sibl
595 2719 713 2762 conscivit.
734 2719 818 2770 idest,
839 2720 860 2759 in
876 2721 925 2771 lpro
937 2717 1052 2768 cuniculo,
1074 2731 1123 2760 cum

141 2775 236 2814 sentiret
255 2783 280 2814 se
299 2772 395 2813 evadere
414 2784 457 2813 non
476 2783 554 2826 posse,
575 2784 623 2813 cunr
642 2772 722 2816 Pontio
742 2773 845 2815 Telesino
864 2773 930 2826 lugae
949 2772 1030 2813 conlte
1044 2775 1123 2814 stricto

143 2828 254 2878 utrimque
269 2825 344 2878 gladio
359 2829 482 2879 concurrit,
503 2838 567 2879 quem
587 2837 636 2866 cum
649 2824 782 2876 occidisset,
802 2826 852 2879 lpse
866 2827 955 2868 saucius
969 2827 1095 2878 impetravit
1110 2837 1123 2866 a

141 2886 221 2930 terro,
238 2882 261 2920 ut
275 2889 300 2921 se
315 2880 433 2921 occideret.

195 2933 313 2976 bxxxlx.
331 2935 361 2978 bl.
382 2936 463 2976 llrutua
484 2945 497 2974 a
516 2936 557 2978 cu.
573 2935 663 2986 l’aplrio
677 2933 791 2984 Carbone,
812 2934 850 2986 qul
862 2934 980 2976 cossuram
996 2933 1121 2987 appulerat,

142 2989 223 3030 missus
238 2999 294 3028 uase
308 2989 428 3041 piscatoria
442 2987 584 3040 Lilybaeum,
600 2993 624 3030 ut
638 2988 779 3042 exploraret,
794 2998 821 3028 an
836 2988 867 3031 ibi
882 2987 1001 3040 Pompeius
1015 2989 1084 3037 esset,
1100 2992 1124 3028 et

143 3044 305 3082 circumventus
323 3054 336 3082 a
356 3042 450 3083 naribus
471 3053 526 3095 quaa
546 3043 666 3096 Pompeius
684 3043 787 3092 miserat,
809 3043 831 3083 ln
851 3049 876 3082 se
896 3053 1001 3084 mucrone
1015 3053 1080 3084 verso
1094 3042 1123 3082 ad

141 3098 262 3136 transtrum
282 3097 346 3138 ueris
367 3097 462 3137 obnixus
481 3100 580 3150 corporis
599 3096 697 3150 pondere
711 3095 819 3138 lnonbult.
840 3096 872 3139 Cn
896 3096 948 3137 l‘orn
967 3097 1015 3138 elus
1029 3097 1051 3135 ln
1067 3095 1122 3136 Sici·

142 3149 194 3189 llam
210 3159 258 3189 cum
272 3149 365 3201 imperio
379 3161 392 3190 a
406 3153 484 3192 senatu
499 3153 581 3192 missus
595 3152 635 3193 Cn.
646 3151 776 3201 Carbonem,
792 3151 830 3202 qui
845 3150 899 3191 dens
913 3107 1051 3191 muddebriter
1064 3160 1121 3190 mor·

142 3204 187 3242 tem
202 3199 261 3252 tulit,
277 3205 364 3255 captum
379 3203 468 3244 occidit.
484 3203 548 3246 Sulla
563 3204 658 3246 dictator
673 3205 751 3254 iaetus,
767 3203 828 3256 quod
842 3215 906 3245 nemo
916 3215 1019 3257 umquam
1030 3203 1121 3251 lecerat,

141 3266 192 3296 cum
210 3254 308 3296 fascibus
327 3257 406 3308 viginti
427 3260 531 3308 quattuor
550 3260 668 3312 processit.
690 3259 778 3312 legibus
798 3259 863 3300 noris
876 3261 908 3299 rel
923 3259 1025 3311 publicae
1039 3258 1122 3296 etatum

142 3309 290 3358 confirmavit,
304 3310 439 3352 tribunorum
454 3311 528 3363 plebis
541 3315 676 3364 potestatem
690 3314 780 3362 minuit,
796 3314 819 3353 et
834 3323 898 3352 amne
914 3312 949 3352 lus
963 3312 1036 3362 legum
1051 3308 1121 3349 teren-

142 3363 218 3404 darum
233 3363 324 3408 ademit.
347 3364 473 3416 pontificum
488 3376 640 3420 augurumque
655 3366 773 3417 collegium
788 3366 914 3418 ampliavit,
930 3365 1044 3405 ut-essent
1058 3363 1121 3413 quln-

141 3417 225 3467 «lecim,
244 3419 345 3458 senatum
360 3426 394 3458 vex
408 3420 507 3470 equestri
522 3419 599 3462 ordine
613 3420 738 3473 supplevit,
757 3421 928 3472 proscriptorum
944 3418 1020 3458 liberis
1035 3416 1069 3455 lus
1084 3427 1121 3467 pe-

140 3470 257 3513 tendorum
272 3470 379 3514 honorum
394 3473 482 3526 eripuit,
498 3475 520 3514 et
534 3474 592 3515 bona
606 3485 679 3516 eorum
694 3472 801 3525 vendidit,
817 3485 846 3514 ex
859 3472 1041 3525 qulbusplurima
1051 3470 1121 3524 primo
