2574 3954
316 231 432 292 LIBER
452 233 541 294 XLV.
565 233 648 294 cAP.
663 243 689 299 9.
703 247 745 298 10.
761 243 797 310 [a.
813 243 924 310 (3.168]
1050 237 1110 300 261

130 381 274 459 Europae
289 397 323 442 se
337 389 438 443 tamur
453 383 564 446 finibus
580 386 741 462 continuit,
764 389 920 452 Graeciam
943 406 1063 452 omnem
1084 401 1114 452 ot

130 475 248 546 partem
254 465 401 527 Thraciae
409 469 810 546 atquelllyriaiemplexum.
823 474 995 549 superfudit
1002 475 1113 536 deinde

131 566 167 613 se
178 551 330 624 inAsiam,
343 557 374 610 et
382 551 528 612 tredecim
540 553 638 630 annis,
655 554 766 630 quibus
777 557 953 618 Alexander
964 559 1112 634 regnavit,

131 636 260 711 primum
277 635 388 708 omnia,
404 651 466 710 qua
479 635 640 698 Persarum
659 653 758 714 prope
775 641 924 702 immenso
942 642 1042 717 spatio
1058 643 1111 702 im·

129 717 250 794 perium
261 719 368 792 luerat,
385 734 460 780 suae
472 719 600 781 dicionis
614 721 693 795 lecit,
708 723 829 784 Arabas
840 722 911 784 binc
923 725 1111 800 Indiamque,

131 818 194 878 qua
221 810 369 863 tanarum
392 801 515 864 ultimos
540 804 618 865 fines
646 806 782 867 Rubrum
802 823 886 868 mare
912 810 1111 883 amplectitur,

131 885 315 962 peragravit.
351 893 413 946 tum
428 885 592 948 maximum
613 889 643 948 in
662 889 752 951 terris
766 891 970 952 Macedonum
984 907 1112 967 regnum

129 984 313 1044 nomenque,
326 968 396 1030 inde
405 978 500 1032 morte
507 971 674 1032 Alexandri
683 974 859 1036 distractum
869 975 899 1034 in
906 976 1000 1036 multa
1006 991 1110 1050 regna,

131 1053 205 1126 dum
220 1054 260 1112 ad
276 1068 311 1113 se
327 1053 459 1128 quisque
474 1071 551 1130 opes
565 1057 699 1132 rapiunt,
720 1058 889 1118 lacerantes
905 1060 971 1119 suis
985 1059 1111 1132 viribus,

129 1153 149 1198 e
163 1152 282 1198 summo
296 1137 426 1198 culmina
436 1137 575 1200 fortunae
587 1140 626 1199 ad
637 1141 773 1200 ultimum
784 1141 875 1202 finem
889 1149 1008 1203 centum
1025 1143 1110 1218 quin-

131 1221 277 1298 quaginta
291 1237 390 1281 annos
406 1223 497 1283 stetit.

214 1305 251 1365 X.
274 1304 591 1368 Victoriaellomanae
599 1308 754 1368 sarnacum
763 1308 986 1383 pervasissetin
996 1309 1109 1382 Asiam,

130 1390 277 1462 Antenor,
294 1389 345 1464 qui
358 1403 426 1449 cum
439 1390 540 1450 classe
554 1391 721 1451 lemborum
733 1393 772 1450 ad
783 1391 904 1452 Phanas
916 1392 1024 1462 stabat,
1039 1391 1107 1451 Cas-

130 1472 287 1534 sandriam
300 1472 371 1533 inda
385 1471 510 1533 traiecit.
546 1473 578 1534 C.
592 1473 756 1550 Popillius,
778 1475 830 1550 qui
848 1475 887 1534 ad
901 1475 1009 1536 Delum
1023 1491 1111 1550 prae·

131 1557 211 1618 sidio
227 1555 357 1618 navibus
371 1555 584 1618 Macedoniam
600 1557 773 1633 petentibus
789 1565 861 1632 erat,
879 1567 1042 1634 postquam
1059 1559 1111 1618 de·

129 1640 275 1702 bellatum
301 1640 332 1699 in
355 1639 537 1703 Macedonia
561 1650 592 1703 et
620 1641 752 1703 statione
781 1650 950 1705 summotos
978 1642 1112 1703 hostium

130 1723 249 1786 lembos
265 1721 389 1799 audivit,
410 1725 545 1785 dimissis
570 1732 600 1785 et
624 1726 693 1801 ipse
711 1726 820 1786 Atticis
842 1727 972 1786 navibus
988 1727 1026 1785 ad
1043 1741 1112 1785 sus-

130 1815 251 1884 ceptam
289 1806 470 1884 legationem
511 1809 716 1884 peragendam
757 1811 902 1884 navigare
934 1811 1112 1886 Aegyptum

131 1893 239 1970 pergit,
259 1900 293 1952 ut
319 1890 405 1966 prius
433 1906 593 1953 occurrere
626 1891 779 1953 Antiocho
806 1899 929 1966 posset,
960 1907 1052 1967 quarn
1073 1892 1113 1949 ad

131 1975 345 2038 Alexandreae
369 1973 490 2035 moenia
510 1976 681 2038 accederet.
723 1991 790 2036 cum
807 1975 1111 2050 praeterveherentur

132 2059 238 2120 Asiam
254 2059 343 2134 legati
355 2065 385 2118 et
396 2059 529 2134 Loryma
539 2057 705 2133 venissent,
719 2060 770 2134 qul
782 2067 890 2134 portus
902 2057 1008 2134 viginti
1020 2059 1111 2132 paulo

133 2143 264 2218 amplius
279 2141 362 2202 milia
377 2142 416 2202 ab
433 2141 543 2203 Rhodo
559 2143 655 2216 abest,
672 2157 711 2202 ex
725 2143 857 2203 adverso
873 2140 940 2202 urbi
954 2141 1014 2217 ipsi
1029 2140 1108 2214 posi·

133 2235 190 2299 lus,
207 2225 364 2301 principes
375 2225 564 2287 Rhodiorum
579 2233 796 2286 occurrunt-
809 2225 868 2284 iam
884 2225 964 2284 enim
979 2239 1021 2283 eo·
1036 2238 1111 2297 quo·

134 2325 194 2386 que
214 2310 362 2371 victoriae
383 2310 463 2369 lama
484 2311 601 2384 perlata
621 2315 687 2368 erat
699 2341 742 2356 --
764 2315 902 2381 orantes,
923 2314 958 2367 ut
970 2306 1113 2367 Rhodum

133 2393 371 2454 deueherenturz
386 2393 537 2468 pertinere
551 2392 583 2453 id
594 2392 635 2453 ad
646 2394 756 2453 lamam
768 2392 960 2466 salutemque
974 2387 1113 2462 civitatis,

133 2478 358 2554 noscereipsos
367 2476 476 2552 omnia,
490 2491 570 2553 quae
581 2483 761 2538 actaessent
772 2472 1113 2550 agerenturquellhodi,

133 2568 164 2621 et
183 2568 341 2636 comperta
360 2577 415 2636 per
437 2577 488 2636 se,
510 2576 572 2621 non
592 2561 716 2635 vulgata
730 2561 818 2634 lama,
838 2559 966 2621 Romam
987 2557 1113 2617 referre.

133 2644 186 2705 diu
200 2653 348 2720 negantes
364 2647 570 2720 perpulerunt,
588 2652 622 2705 ut
641 2659 758 2705 moram
771 2641 973 2718 navigationis
988 2640 1114 2698 brevem

133 2742 190 2803 pro
213 2729 310 2788 salute
330 2726 435 2789 sociae
458 2729 543 2790 urbis
559 2734 744 2804 paterentur.
785 2733 947 2803 postquam
971 2721 1114 2784 Rhodum

133 2819 255 2872 ventum
285 2817 346 2885 est,
377 2811 407 2870 in
424 2811 605 2872 'contionem
626 2825 753 2887 quoque
774 2825 829 2870 eos
855 2808 946 2869 iidem
971 2805 1114 2881 precibus

133 2901 355 2970 pertraxerunt.
390 2895 539 2956 adventus
559 2897 725 2970 legatorum
750 2893 833 2953 auxil
848 2890 1113 2967 potius'limorem

132 2977 246 3040 civitati
261 2996 353 3055 quam
367 2976 488 3041 minuitz
510 2981 611 3040 omnia
631 2979 710 3038 enim
725 2976 882 3051 Popillius,
906 2989 985 3055 quae
1002 2970 1114 3047 singuli

133 3063 330 3138 universique
345 3079 382 3123 eo
397 3062 477 3124 bello
499 3061 648 3124 hostiliter
662 3061 802 3121 dixerant
822 3061 1033 3133 fecerantque,
1054 3063 1114 3114 ret·

135 3146 208 3218 tulit,
225 3152 254 3205 et
264 3144 311 3205 vir
322 3161 415 3222 aspar
425 3146 547 3223 ingenio
560 3146 692 3220 augebat
702 3144 890 3206 atrocitatem
901 3155 1016 3214 eorum,
1034 3154 1115 3214 quae

134 3228 322 3300 dicerentur,
344 3229 429 3290 vultu
443 3230 520 3290 truci
535 3237 565 3290 et
579 3228 771 3290 accusatoria
784 3241 878 3297 voce,
900 3232 934 3285 ut
953 3239 1023 3285 cum
1043 3238 1113 3297 pro·

133 3313 220 3388 priae
235 3312 396 3373 simultatis
411 3313 493 3373 nulla
511 3327 690 3373 causacum
705 3311 826 3372 civitate
841 3315 940 3382 esset,
964 3323 1003 3366 ex
1022 3305 1114 3364 unius

134 3397 285 3458 senatoris
301 3395 429 3458 Romani
445 3395 618 3470 acerbitate,
634 3395 733 3470 qualis
748 3395 777 3452 in
794 3409 829 3454 se
843 3390 978 3452 universi
989 3393 1115 3448 senatus

133 3482 252 3542 animus
272 3487 365 3555 esset,
382 3479 595 3541 coniectarent.
630 3478 660 3539 c.
675 3478 800 3539 Decimii
814 3471 999 3535 moderatior
1014 3469 1110 3532 oratio
