2570 3952
187 203 249 262 312
319 199 516 261 EPITOMAE
531 200 733 261 LIBRORUM
748 201 1037 262 LXXXIX—XCVI.

186 352 268 404 rapuit.
289 350 402 392 redactum
417 351 452 391 est
470 350 597 390 sestertium
613 352 647 390 ter
661 346 734 390 milies
749 348 897 400 quingenties.
917 350 946 393 0.
962 349 1088 390 Lucretium
1103 348 1154 391 0111

185 405 241 455 lam,
264 403 403 446 consulatum
423 404 531 444 adversus
545 403 681 444 voluntatem
696 413 759 444 suam
773 405 851 456 petere
865 413 953 452 ausum,
975 404 1042 444 iussit
1056 403 1126 444 occidi
1140 403 1164 444 in

185 461 245 509 11111
266 461 290 500 11
309 469 358 500 cuna
376 457 418 499 hoc
436 457 525 509 indigue
545 457 613 498 111111
632 456 729 510 populus
747 457 872 506 Romanus,
894 456 999 497 contione
1018 457 1125 498 advocata
1139 466 1165 497 se

185 515 278 554 tussiase
293 507 359 552 dixit.
379 511 420 554 Cn.
436 510 873 563 1111111111111111611111111111
895 512 1041 564 proscriptum
1059 515 1081 552 et
1100 511 1164 552 iliar-

185 570 234 608 bam
256 577 330 618 regem
347 565 478 615 Numidiae,
507 565 589 606 beilum
608 565 738 614 molientes,
761 565 834 605 victos
853 565 949 614 occidite
973 568 997 606 et
1017 568 1121 616 quattuor
1143 567 1166 605 et

185 621 264 672 viginti
278 630 349 660 annos
365 623 437 670 natus,
452 618 525 660 adhuc
540 628 609 671 eques
622 618 741 669 Romanus,
757 617 817 670 quod
831 617 887 660 nulli
903 619 1032 670 contigerat,
1048 630 1076 658 ex
1090 618 1166 660 attica

184 673 335 726 triumphavit.
357 675 382 717 C.
398 673 515 715 Norbanus
534 672 657 714 coiisularis
677 673 815 726 proscriptus
833 672 856 712 fn
876 672 930 713 urhe
943 671 1022 713 ithodo
1043 684 1092 712 cum
1105 682 1164 714 com·

184 727 370 783 prehenderetur,
392 730 441 781 lpse
459 738 484 769 se
504 726 595 768 occidit.
615 726 720 775 Mutilus,
741 736 797 768 unua
812 738 841 766 ex
855 727 1001 780 proscriptis,
1021 727 1077 768 ciam
1090 725 1166 780 capite

183 782 291 834 adoperto
310 781 338 822 ad
360 783 459 835 posticas
478 780 546 822 aedes
565 781 654 821 Bastiae
674 781 750 821 uxoris
769 791 818 821 cum
831 780 977 831 accessisset,
996 780 1106 820 admissus
1120 791 1165 820 non

183 840 229 886 est,
251 835 304 888 qnia
323 835 386 877 iilum
406 837 553 888 proscriptum
575 833 671 885 dicerete
691 834 767 885 itaque
786 843 811 873 se
829 833 949 875 transfodit
964 836 986 875 et
1000 833 1107 887 sanguine
1121 845 1166 875 suo

183 892 243 932 11111
257 889 335 931 uxoria
348 889 464 942 respersit.
479 889 544 930 Sulla
558 888 636 954 liolam
651 899 664 928 a
678 888 815 954 Samnitibus
829 888 923 939 recepit.
938 889 1016 940 viginti
1029 889 1117 941 septem
1132 889 1167 928 le-

183 947 259 1040 {litt
273 945 296 1038 l:
310 953 378 1038 :itt
390 943 587 1046 1111ῑῖ1111
598 945 624 1036 t
635 941 1167 1049 tilii..ii¹⁸l·..lii.²‘iti;n.iif⁶.tittili

182 1053 247 1101 Asia,
268 1062 325 1103 quaa
344 1051 392 1091 sola
407 1051 460 1091 urbs
479 1054 531 1103 post
545 1051 628 1092 rictum
642 1049 792 1091 Mithridatem
807 1060 867 1090 arma
880 1049 1003 1099 retinebat,
1023 1052 1167 1102 expugnatae

183 1107 269 1148 dirutae
288 1117 315 1145 ue
329 1109 389 1149 sunt.

236 1116 285 1201 XC!
298 1157 364 1198 Sulla
379 1157 483 1208 decessit,
499 1157 616 1210 honosque
630 1157 650 1198 ei
665 1168 678 1197 a
691 1161 771 1198 senatu
786 1156 875 1199 habitus
889 1161 931 1208 est,
947 1161 971 1198 ui
981 1158 1003 1198 ln
1015 1168 1094 1210 campo
1105 1157 1166 1198 lifar-

183 1215 215 1254 tio
233 1212 374 1266 sepeliretur.
395 1211 540 1264 1111111111
558 1224 607 1252 curn
626 1215 676 1254 acte
690 1212 767 1252 Sullae
787 1214 906 1264 temptaret
920 1211 1059 1260 rescindere,
1078 1211 1166 1252 bellum

183 1267 300 1308 excitavit:
320 1276 334 1305 a
348 1265 375 1308 0.
390 1265 470 1308 Catulo
486 1267 572 1318 collega
587 1265 651 1307 ltalia
666 1266 806 1319 potensest,
827 1269 850 1306 et
865 1266 886 1305 in
901 1264 1005 1307 Sardinia
1020 1264 1103 1306 frustra
1117 1265 1167 1306 hel-

183 1323 228 1363 lum
248 1321 339 1362 molitus
357 1319 432 1371 perlit.
452 1319 483 1362 hi.
504 1322 598 1369 Brutus,
619 1320 657 1372 qui
677 1319 813 1370 Cisalpinam
834 1319 929 1361 Calliam
943 1319 1072 1368 obtinebat,
1093 1330 1107 1359 a
1122 1320 1167 1361 Cu.

182 1376 289 1429 Pompeio
311 1374 398 1414 occisus
417 1377 459 1415 est.
481 1373 509 1418 Q·
525 1373 638 1416 Sertorius
654 1373 791 1425 proscriptus
806 1374 828 1413 in
844 1374 950 1414 ulteriore
965 1373 1071 1425 Hispanla
1085 1373 1167 1426 ingens

182 1430 265 1471 bellum
280 1428 396 1470 excitavit.
418 1428 443 1468 ln
458 1427 555 1469 ltlanliur
570 1427 689 1480 proconsul
705 1431 728 1467 et
742 1428 766 1470 L.
782 1426 895 1468 Domitius
909 1428 996 1478 legatus
1011 1427 1038 1466 ah
1054 1426 1167 1468 Hirtuleio

183 1486 302 1535 quaestore
317 1481 404 1534 proelio
423 1481 477 1522 victi
491 1487 550 1523 sunt.
570 1484 685 1534 praeterea
700 1491 735 1521 res
754 1492 767 1522 a
782 1482 807 1522 Ρ.
822 1481 920 1522 Servilio
935 1480 1067 1534 proconsule
1082 1480 1166 1522 adver·

183 1548 221 1578 sua
236 1535 319 1576 Cilicas
333 1538 409 1586 gestas
424 1537 529 1576 continet.

235 1588 292 1630 XCl.
308 1589 348 1630 Cu.
364 1588 484 1640 Pompeius
500 1599 548 1629 eum
563 1587 636 1628 adhuc
649 1599 719 1640 eques
732 1590 844 1630 Romanus
859 1591 926 1639 esset,
942 1601 990 1630 cum
1005 1589 1098 1640 imperio
1113 1599 1167 1628 cou-

182 1642 251 1684 sularl
270 1641 379 1683 adversus
398 1640 522 1683 Sertorium
541 1645 622 1684 missus
641 1648 683 1683 est.
705 1642 818 1683 Sertorius
832 1643 920 1695 aliquot
936 1644 1002 1682 urbes
1016 1642 1167 1695 expugnavit,

182 1697 336 1752 plurimasque
355 1695 458 1736 civitates
478 1696 499 1736 in
520 1698 653 1748 potestatem
672 1706 734 1736 suam
749 1694 842 1749 redegit.
862 1699 904 1750 Ap.
920 1696 1028 1739 Claudius
1042 1695 1167 1749 proconsul

182 1750 278 1792 Thracas
296 1748 398 1803 pluribus
416 1748 509 1802 proeliis
522 1751 585 1792 vicit.
606 1749 634 1794 C.
649 1749 755 1791 Metellus
770 1751 889 1802 proconsul
908 1749 1081 1792 1,.111111111111
1097 1761 1167 1802 qnae·

182 1807 263 1846 111111
279 1803 374 1844 Sertorii
389 1815 437 1844 cum
452 1806 553 1845 exercitu
568 1804 656 1846 cecidit.

234 1857 300 1900 XCll.
316 1858 356 1900 Cn.
371 1858 490 1910 Pompeius
505 1858 572 1898 dubio
586 1860 667 1900 euentu
683 1870 731 1899 curn
746 1859 845 1900 Sertorio
859 1859 973 1911 pugnavit,
989 1859 1020 1898 ita
1034 1860 1059 1898 ut
1072 1857 1166 1910 singula

182 1924 211 1952 ex
226 1916 321 1963 utraque
335 1913 399 1963 parte
413 1922 494 1956 cornua
508 1914 610 1955 vicerint.
627 1912 656 1956 C.
672 1913 777 1953 flleteilus
791 1912 914 1954 Sertorium
929 1915 952 1954 et
967 1913 1100 1965 Perpernam
1116 1924 1168 1955 cum

182 1966 269 2006 duobus
284 1965 420 2006 exercitibus
433 1965 518 2018 proelio
534 1965 602 2016 fudit,
622 1968 684 2008 cuius
699 1967 806 2007 victoriae
820 1969 906 2018 partem
921 1967 1013 2018 cupiens
1027 1967 1085 2006 ferre
1100 1967 1164 2007 Pom.

181 2021 246 2074 peius
261 2029 338 2071 parurn
353 2027 459 2071 prospere
473 2021 589 2072 pugnavit.
609 2021 716 2061 obsessus
731 2019 810 2061 deinde
825 2021 919 2062 Cluniae
934 2021 1048 2062 Sertorius
1062 2018 1169 2062 adsiduis

182 2073 337 2124 eruptionibus
355 2083 400 2112 nen
420 2072 506 2114 leviora
525 2074 604 2115 damna
618 2074 744 2115 obsidentib
761 2075 869 2119 sintulit.
888 2077 1005 2127 praeterea
1024 2075 1051 2114 ab
1066 2072 1167 2116 Curione

182 2125 316 2180 proconsule
334 2127 356 2166 in
371 2125 464 2167 Thracia
477 2137 514 2168 res
528 2130 601 2180 gestas
616 2128 723 2168 adversus
759 2128 866 2177 ardenne,
889 2130 912 2168 et
931 2127 959 2171 Q.
977 2127 1072 2170 Sertorii
1093 2129 1167 2170 muita

182 2180 281 2223 crudelia
295 2181 317 2220 ln
332 2189 385 2220 suos
399 2181 458 2221 facta
472 2185 578 2231 continet,
595 2185 632 2233 qui
647 2183 755 2234 plurimos
770 2193 799 2222 ex
813 2183 889 2222 amicis
904 2185 927 2222 11
941 2191 1016 2224 secum
1030 2184 1168 2237 proscriptis

181 2235 272 2278 erimine
286 2233 421 2286 proditionis
436 2235 575 2276 insimulatos
589 2237 680 2281 occidit.

234 2288 311 2331 xcni.
326 2289 352 2330 P.
361 2288 472 2330 Servilius
486 2289 604 2342 proconsul
619 2291 641 2330 ln
657 2289 735 2332 Cilicia
749 2291 837 2333 isauros
852 2290 942 2340 domuit,
958 2291 981 2330 et
995 2290 1081 2342 aliquot
1096 2291 1167 2331 urbes

181 2342 300 2436 piratarum
316 2345 461 2394 expugnavit.
476 2345 610 2384 Nicomedes
624 2342 741 2395 Bithyniae
755 2355 795 2385 rex
809 2346 905 2386 morlens
919 2343 1025 2398 populum
1039 2344 1168 2386 Romanum

191 2397 235 2437 1111
250 2396 366 2445 heredem,
385 2407 522 2448 regnumque
537 2399 584 2437 eius
599 2397 621 2436 ln
637 2398 764 2449 provinciae
779 2398 870 2440 formam
885 2399 997 2439 redactum
1012 2401 1056 2442 est.
1074 2398 1168 2438 Mithri-

183 2451 246 2490 dates
265 2449 354 2490 foedere
375 2461 423 2490 cum
443 2449 542 2490 Sertorio
562 2451 607 2490 fcto
622 2450 704 2490 bellum
723 2453 806 2504 populo
825 2453 923 2494 Romano
937 2451 1022 2492 intulit.
1041 2455 1168 2505 apparatus

182 2503 262 2543 deinde
281 2501 390 2554 regiarum
410 2503 522 2554 copiarum
542 2503 679 2557 pedestrium
699 2505 868 2559 navaliumque,
892 2510 915 2547 et
928 2507 1036 2558 occupata
1050 2505 1166 2559 Bithyniae,

181 2559 213 2598 lli.
233 2556 337 2597 Aurelius
357 2557 423 2597 Cotta
438 2557 514 2596 consul
529 2557 558 2596 ad
572 2555 735 2598 Chalcedonam
750 2561 835 2610 proelio
855 2572 868 2601 a
881 2571 933 2612 rege
948 2559 1031 2608 victus,
1052 2569 1137 2612 resque
1153 2573 1168 2600 a

181 2611 286 2661 Pompeio
302 2611 324 2649 et
338 2607 431 2648 Metello
446 2609 554 2650 adversus
569 2610 693 2653 Sertorium
707 2616 791 2663 gestae,
807 2615 845 2665 qul
859 2615 961 2654 omnihus
975 2613 1028 2654 belli
1045 2613 1165 2669 [militiae]

181 2663 266 2704 artibus
281 2673 322 2715 par
336 2661 384 2702 fult.
405 2673 461 2715 quos
476 2666 499 2704 et
512 2665 539 2704 ab
555 2664 671 2704 obsidione
687 2665 813 2718 Calagurris
827 2668 903 2720 oppidi
920 2667 1025 2720 depulsos
1040 2667 1115 2718 coegit
1130 2667 1165 2708 di-

181 2727 259 2758 111111
271 2727 295 2757 11
311 2718 373 2756 11111
387 2721 475 2770 petere,
492 2717 606 2758 llletellum
621 2719 748 2761 ulteriorem
762 2721 902 2774 Hispaniam,
918 2721 1045 2774 Pompeium
1060 2720 1166 2764 Calliam.

234 2771 283 2812 XCl
304 2801 311 2814 .
333 2771 358 2811 h.
378 2772 476 2813 Licinius
495 2772 602 2814 Lucullus
621 2774 699 2815 consul
720 2775 828 2816 adversus
847 2773 1000 2816 Mithridatem
1020 2775 1166 2828 equestribus

181 2826 273 2880 proeliis
288 2825 383 2866 feliciter
396 2826 510 2880 pugnavft,
525 2831 548 2868 et
562 2827 718 2881 expeditiones
732 2828 819 2881 aliquot
830 2838 949 2882 prosperas
957 2829 1017 2878 fecit,
1033 2833 1164 2882 poscentes-

180 2891 224 2931 que
240 2890 335 2932 pugnam
349 2879 432 2922 milites
446 2892 459 2921 a
473 2880 585 2922 seditione
600 2881 702 2924 inhibuit.
722 2884 842 2925 Deiotarus
856 2881 1023 2934 Gallograeciae
1037 2881 1164 2924 tetrarches

180 2933 306 2985 praefectos
322 2932 460 2975 iillthrldatis
479 2935 564 2976 bellurn
583 2935 605 2976 fn
619 2934 716 2989 Phrygia
734 2940 850 2978 moventes
864 2936 953 2981 cecidit.
968 2939 1085 2990 praeterea
1099 2947 1136 2977 res
1149 2948 1164 2976 a

182 2988 223 3027 Cn.
239 2986 343 3039 Pompeio
357 2987 380 3027 fn
395 2989 502 3040 Hispania
516 2993 592 3029 contra
607 2988 729 3032 Sertorium
743 3001 850 3043 prospere
865 2993 940 3042 gestas
955 2991 1064 3033 continet.

233 3039 298 3080 XCV.
319 3039 343 3080 C.
358 3039 424 3083 Curio
445 3042 564 3093 proconsul
579 3041 698 3083 Dardanos
715 3046 737 3084 ln
751 3043 844 3085 Thracla
859 3044 951 3085 domuit.
967 3046 1074 3097 quattuor
1089 3047 1113 3084 et
1127 3055 1163 3095 sa·-

180 3095 296 3146 ptuaginta
316 3092 451 3145 gladiatores
470 3095 558 3147 Capuae
580 3107 609 3136 ex
627 3097 680 3138 ludo
700 3098 789 3138 Lentuli
809 3097 965 3151 profugerunt,
987 3101 1010 3138 et
1028 3101 1165 3150 congregata

180 3148 322 3193 servitiorum
338 3146 523 3240 §ergastulorum
539 3149 688 3200 multitudine,
704 3150 771 3192 Crixo
786 3156 809 3192 et
820 3152 928 3204 Spartaco
944 3152 1038 3192 ducibus
1052 3151 1163 3192 1111111-

181 3201 260 3252 111111,
281 3201 335 3244 Clau
354 3202 396 3243 ium
411 3201 530 3244 Pulchrum
546 3205 641 3256 legatum
657 3207 680 3246 et
694 3205 719 3249 P.
737 3205 850 3248 varinium
865 3209 989 3259 praetorem
1003 3205 1088 3258 proelio
1102 3208 1163 3247 vice·

181 3260 239 3297 runt.
254 3256 281 3299 1..
296 3255 402 3297 Lucullus
417 3266 457 3310 pro
473 3258 549 3298 consui
565 3258 593 3298 ad
608 3256 711 3309 Cyzicum
725 3261 801 3302 urbem
816 3261 937 3301 exercitum
951 3259 1089 3301 Mithridatis
1104 3259 1165 3302 fame

180 3308 284 3361 ferroque
304 3308 400 3362 delevitg
419 3311 554 3364 pulsumque
568 3310 674 3364 Bithynia
693 3322 778 3366 regem,
800 3314 867 3354 variis
886 3315 982 3356 beill‘ac
996 3313 1165 3366 naufragiorum

181 3365 269 3404 casibus
282 3362 385 3414 fractum,
401 3365 474 3416 coegit
487 3367 509 3405 in
524 3367 618 3406 Pontum
633 3366 757 3418 profugere.

233 3416 310 3459 XCVl.
330 3417 451 3461 11111111
471 3422 561 3471 praetor
576 3418 666 3462 Crixum
686 3419 828 3473 fugitivorum
848 3421 925 3464 ducem
945 3434 993 3464 cum
1008 3422 1088 3475 viginti
1103 3421 1164 3463 mlii·

181 3467 223 3508 hus
242 3469 352 3512 hominum
372 3472 461 3513 cecidit.
481 3471 521 3514 Cn.
541 3473 648 3514 Lentulus
667 3474 745 3516 consul
764 3475 822 3516 male
843 3475 953 3518 adversus
972 3475 1105 3528 Spartacum
1121 3488 1163 3530 pu-
