2570 3952
283 206 398 267 LIBER
412 207 501 266 xlv.
525 207 897 281 CAP.22.23.[a.c.167]
1023 205 1085 273 27³

46 419 50 423 ,
111 359 295 440 Illyriosque
309 357 422 418 liberos
438 371 518 434 esse,
539 367 572 420 ut
587 360 737 435 audimus,
752 360 872 435 iubetis,
888 376 957 423 cum
972 364 1087 424 servie-

109 443 169 505 rint
183 451 347 518 antequam
363 440 525 503 vohiscum
538 442 742 504 bellarent-
755 460 813 505 nec
828 445 1011 522 cuiusquam
1025 448 1086 508 lor·

111 537 201 590 tunae
221 525 409 600 invidemus,
432 526 524 586 immo
546 527 743 602 agnoscimus
765 529 955 590 clementiam
978 529 1087 606 populi

108 611 237 674 Romani
251 632 309 666 -z
330 609 478 685 Rhodios,
494 609 545 686 qui
557 610 630 671 nihil
640 611 723 672 aliud
734 628 826 688 quam
838 612 1102 688 quieverunthoa

107 695 206 770 bello,
230 693 338 756 hostes
359 708 399 754 ex
420 691 514 755 sociis
527 694 635 755 facturi
656 694 753 757 eslisi
779 702 862 756 certe
884 696 1008 772 quidem
1027 714 1086 759 vos

110 780 185 840 estis
196 777 335 851 Romani,
351 776 404 853 qui
418 776 489 839 ideo
504 778 604 840 lelicia
616 778 811 840 bellaveslra
826 795 907 855 esse,
924 779 997 857 quia
1007 782 1087 842 iusta

108 864 177 940 sint,
193 878 267 938 prae
279 861 369 922 vobis
386 860 487 933 lcrtis;
506 877 564 923 nec
579 870 640 923 tam
654 863 737 922 exitu
751 878 866 936 eorum,
884 862 969 939 quod
982 865 1085 925 vinca·

106 947 163 1022 lis,
188 961 280 1023 quam
301 944 476 1021 principiis,
502 946 586 1022 quod
607 962 670 1007 non
692 946 759 1008 sine
781 963 876 1009 causa
898 947 1085 1024 suscipiatis,

106 1028 286 1106 gloriamini.
308 1027 453 1090 Messana
463 1031 493 1090 in
506 1027 609 1092 Sicilia
619 1037 798 1107 oppugnata
809 1029 1086 1108 Carthaginienses,

104 1115 245 1176 Athenae
267 1120 463 1189 oppugnatae
484 1120 515 1174 et
536 1114 664 1176 Graecia
689 1114 720 1176 in
742 1115 918 1178 servitutem
939 1116 1034 1192 petita
1056 1121 1087 1176 et

106 1198 229 1260 adiutus
250 1197 399 1258 Hannibal
421 1198 553 1274 pecunia
573 1198 694 1260 auxiliis
714 1198 886 1276 Philippum
906 1200 1027 1260 hostem
1042 1200 1085 1259 le-

107 1289 222 1343 cerunt.
245 1280 416 1342 Antiochus
438 1281 506 1357 ipse
525 1283 605 1343 ultro
624 1283 662 1342 ab
678 1282 795 1344 Aetolis
816 1282 957 1344 hostibus
972 1283 1085 1344 vestris

106 1366 273 1427 arcessitus
288 1382 328 1426 ex
338 1363 415 1424 Asia
426 1365 529 1426 classe
540 1365 570 1424 in
583 1365 741 1427 Graeciam
751 1363 877 1440 traiecit,
892 1365 1086 1428 Demetriade

106 1458 136 1511 et
151 1449 294 1511 chalcide
311 1457 341 1510 et
354 1450 434 1509 saltu
447 1447 721 1527 ‘lhermopylarum
736 1457 887 1526 occupato
902 1449 943 1511 de
956 1463 1085 1526 posses·

106 1534 195 1596 sione
215 1533 333 1609 imperii
348 1549 406 1594 vos
428 1532 549 1593 deicere
565 1540 704 1594 conatus.
728 1547 797 1594 cum
810 1533 923 1595 Perseo
940 1533 1017 1597 socii
1032 1548 1084 1593 ve-

106 1618 160 1678 stri
175 1616 354 1694 oppugnati,
370 1617 420 1678 alii
433 1619 519 1679 eiecti
529 1619 586 1679 alit·
594 1617 744 1678 interiecti
755 1616 853 1693 reguli
866 1619 1085 1694 principesque

104 1703 240 1777 gentium
262 1709 314 1762 aut
340 1700 524 1779 populorum
546 1716 642 1763 causa
667 1700 739 1761 belli
759 1702 847 1763 vobis
868 1703 963 1762 luere.
994 1717 1085 1777 quem

106 1787 229 1846 tandem
243 1786 361 1847 titulum
376 1792 482 1847 nostra
504 1785 659 1846 calamitas
678 1784 819 1846 habitura
833 1793 895 1858 est,
917 1785 944 1846 si
959 1785 1086 1861 perituri

104 1877 234 1932 sumusl
258 1869 394 1931 nondum
410 1883 541 1946 segrego
558 1867 687 1931 civitahs
702 1883 827 1930 causam
844 1867 1040 1948 aPolyarato
1055 1873 1086 1927 el

102 1954 239 2028 Dinone,
255 1953 372 2014 civibus
387 1953 515 2027 nostris,
531 1953 629 2026 eliis,
647 1968 726 2028 quos
741 1959 775 2013 ut
789 1953 977 2014 traderemus
993 1952 1085 2013 vobis

104 2035 298 2098 adduximus.
318 2037 345 2098 si
361 2052 467 2098 omnes
481 2035 593 2099 Rhodii
608 2053 708 2113 aeque
721 2036 805 2098 noxii
820 2052 977 2110 essemus,
1000 2036 1086 2112 quod

106 2130 243 2183 nostrum
257 2121 287 2181 in
303 2121 362 2182 hoc
375 2121 457 2182 bello
479 2121 592 2181 odmen
608 2127 712 2182 esseti
737 2121 841 2180 Persei
856 2121 994 2195 partibus
1008 2119 1084 2179 lavi-

104 2220 189 2280 mus,
216 2214 246 2267 et
267 2204 526 2281 quemadmodum
545 2203 689 2265 Antiochi
709 2202 904 2281 Philippique
924 2204 1005 2265 bello
1027 2218 1084 2278 pro

103 2289 193 2350 vobis
214 2289 365 2350 adversus
385 2303 492 2364 reges,
515 2289 561 2349 sie
582 2303 665 2348 uuuc
684 2303 741 2364 pro
763 2302 836 2363 rege
857 2286 1011 2347 adversus
1026 2301 1084 2346 vos

104 2373 254 2434 stetimus.
277 2373 534 2449 quemadmodum
547 2373 702 2433 soleamus
715 2370 819 2434 socios
831 2369 938 2433 iuvare
949 2377 981 2432 et
991 2385 1085 2446 quam

103 2456 234 2534 impigre
249 2472 415 2534 capessere
431 2457 521 2523 bella,
538 2456 569 2518 C.
583 2455 700 2517 Livium
715 2457 748 2516 L.
758 2454 921 2518 Aemilium
932 2454 1084 2530 Regillum

103 2542 305 2617 interrogate,
332 2540 384 2616 qui
411 2541 563 2601 classibus
587 2537 700 2601 vestris
726 2541 755 2601 in
777 2539 854 2601 Asia
875 2539 1084 2615 praefuerunt.

101 2641 269 2700 numquam
290 2631 413 2684 vestrae
434 2639 531 2685 naves
555 2639 734 2699 pugnavere
753 2624 821 2685 sine
843 2623 943 2684 nobis.
977 2628 1084 2682 nostra

102 2709 206 2780 classe
218 2707 421 2783 pugnavimus
432 2709 528 2766 semel
539 2708 579 2767 ad
592 2707 725 2780 Samum,
740 2709 847 2767 ilerum
861 2707 891 2766 in
902 2705 1085 2782 Pamphylia

102 2793 254 2854 adversus
275 2790 475 2852 Hannibalem
495 2790 726 2865 imperatorem
750 2805 830 2865 quae
850 2788 979 2848 victoria
993 2787 1084 2847 nobis

102 2891 141 2937 eo
162 2872 327 2952 gloriosior
347 2879 411 2948 est,
433 2873 518 2949 quod
533 2887 601 2934 carm
616 2873 657 2934 ad
671 2872 797 2934 Samum
811 2886 951 2947 magnam
966 2877 1084 2947 partun

102 2962 225 3022 navium
241 2961 373 3022 adversa
389 2973 493 3034 pugna
514 2964 545 3018 et
559 2957 712 3034 egregiam
726 2957 912 3018 iuventutem
927 2955 1083 3017 amisisse·

102 3059 187 3116 mus,
209 3051 346 3106 natanta
362 3042 484 3119 quidem
500 3041 588 3104 clade
601 3041 696 3104 territi
709 3042 818 3102 ilerum
832 3040 899 3101 ausi
913 3055 1021 3102 sumus
1035 3055 1084 3099 rc·

102 3127 172 3206 giae
193 3128 285 3188 classi
305 3144 345 3191 ex
366 3127 456 3205 Syria
475 3126 608 3188 venienti
629 3125 750 3188 obviam
772 3125 825 3186 ire.
849 3125 925 3186 haec
939 3140 1002 3184 non
1018 3124 1079 3199 glo-

102 3211 201 3273 riandi
224 3227 318 3273 causa
337 3212 437 3272 rettuli
459 3216 501 3258 -’
522 3227 624 3287 neque
644 3212 724 3271 enirn
744 3225 783 3271 ea
801 3225 883 3270 nunc
909 3211 1015 3270 nostra
1037 3215 1087 3270 est

103 3298 226 3361 fortuna
237 3327 289 3369 -‚
312 3293 369 3356 sed
383 3301 417 3355 ut
430 3295 640 3367 admonerem,
663 3292 919 3371 quemadmodum
936 3288 1087 3352 adiuvare

107 3381 211 3444 socios
232 3380 368 3442 solerent
381 3377 524 3440 Rhodii.“
544 3378 650 3438 xxlll.
670 3375 832 3454 „praemia
853 3383 883 3437 et
898 3377 1038 3451 Phappo
1057 3377 1087 3436 et

102 3464 254 3527 Antiocho
270 3461 400 3525 devictis
416 3461 606 3538 amplissima
617 3463 793 3537 accepimus
805 3460 933 3521 avohis.
950 3459 986 3534 si,
1003 3472 1084 3534 quae

143 3566 166 3608 r.
183 3565 245 3608 urvr
259 3565 335 3609 raus
348 3549 387 3608 V.
843 3551 877 3604 18
