2598 3956
201 219 262 285 103
412 181 965 312 nmnnm1.cnr.c.o.0·c·⁵⁷tl

195 380 260 434 mm
275 369 455 442 factumest,
470 373 504 430 ut
516 368 661 429 consules
672 366 750 427 inter
763 373 1033 442 recompararent,
1046 374 1114 430 uter
1127 381 1176 430 eo
1292 415 1293 418 ,

196 472 264 518 rum
285 454 326 514 ad
341 450 464 514 comitia
483 450 626 512 habenda
639 451 769 511 Romam
783 449 904 511 rediret.
937 464 1007 511 cum
1022 449 1178 513 absentem
1292 469 1293 482 ,

195 539 342 601 Manlium
361 534 473 598 tribuni
487 533 587 611 plebis
601 531 734 596 Licinius
748 533 848 597 Nerva
861 541 893 596 et
907 533 938 596 C.
951 533 1093 611 Papirius
1106 534 1179 596 Tur-

193 625 255 685 dus
270 623 300 683 in
317 619 512 683 contionibus
535 620 720 692 lacerarent,
738 617 991 694 rogationemque
1005 619 1180 695 promulga-

196 713 273 780 rent,
289 720 328 766 ne
341 703 474 766 Manlius
488 710 561 781 post
574 703 645 763 idus
660 701 784 764 Martias
795 735 839 748 -··
850 709 1033 778 prorogatae
1046 717 1180 778 namque

193 789 376 853 consulibus
402 789 462 849 iam
482 785 513 848 in
534 802 647 848 annum
667 786 845 861 provinciae
865 793 952 847 erant
964 785 1180 863 -imperium

194 873 353 948 retineret,
367 872 411 935 uti
426 886 551 932 causam
565 871 719 946 extemplo
735 869 852 942 dicere,
868 884 938 931 cum
955 867 1072 932 abisset
1086 869 1180 946 magi·

192 964 302 1030 stratu,
318 962 435 1032 posset,
451 955 522 1016 huic
535 954 687 1029 rogationi
699 952 733 1027 Q.
744 953 850 1014 Aelius
866 955 985 1029 collega
997 954 1179 1029 intercessit,

193 1041 378 1118 magnisque
392 1037 637 1101 contentionibus
653 1037 788 1110 obtinuit,
805 1052 844 1098 ne
857 1038 1052 1113 perterretur.

106 1136 109 1141 ·
282 1125 341 1184 Per
361 1138 417 1184 eos
438 1122 505 1182 dies
525 1122 569 1182 Ti.
585 1120 786 1199 Sempronius
802 1121 959 1183 Gracchus
980 1129 1010 1182 et
1022 1120 1056 1181 L.
1070 1121 1179 1184 Postu·

193 1209 274 1270 nlius
288 1208 419 1268 Albinus
433 1221 473 1268 ex
483 1205 633 1282 Hispania
641 1206 770 1266 Romam
786 1221 855 1266 curn
868 1205 1075 1280 revertissent,
1090 1221 1177 1266 sena-

193 1299 244 1355 tus
264 1292 303 1354 iis
323 1307 343 1352 a
360 1289 401 1352 Μ.
421 1290 530 1370 titinio
550 1296 692 1367 praetore
714 1288 804 1351 datus
823 1289 855 1349 in
876 1289 954 1350 aede
973 1289 1119 1356 Bellonae
1140 1290 1178 1350 ad

193 1375 396 1438 disserendas
414 1390 466 1436 res
483 1389 560 1451 quas
576 1373 749 1450 gessissent
763 1373 1030 1449 postulandosque
1043 1373 1178 1435 honores

193 1461 329 1533 meritos,
347 1466 381 1521 ut
395 1459 454 1520 diis
468 1457 688 1522 immortalibus
703 1457 866 1518 baberetur
879 1457 990 1519 honos.
1087 1473 1089 1480 ’

278 1543 395 1604 Eodem
420 1550 560 1617 tempore
585 1542 664 1602 etin
687 1540 828 1602 Sardinia
852 1555 996 1616 magnum
1020 1543 1180 1605 tumultum

191 1643 267 1689 esse
281 1627 388 1688 litteris
402 1626 435 1686 Τ.
450 1623 573 1687 Aebutii
588 1625 739 1701 praetoris
755 1625 909 1700 cognitum
922 1632 985 1698 cst,
1005 1641 1083 1701 quas
1097 1625 1179 1686 filius

191 1711 260 1772 eius
281 1711 322 1771 ad
343 1715 483 1771 senatum
499 1711 647 1771 attulerat.
682 1709 810 1769 Ilienses
832 1708 983 1771 adiunctis
1000 1708 1178 1771 Balarorum

156 1865 158 1868 ,
188 1793 324 1856 -auxiliis
338 1799 478 1871 pacatam
493 1792 684 1870 provinciam
697 1790 888 1868 invaserant,
910 1808 969 1854 nec
983 1793 1028 1854 eis
1042 1791 1179 1856 invalido

192 1879 334 1940 exercitu
354 1883 385 1938 et
399 1891 511 1953 magna
524 1884 613 1954 parte
627 1877 802 1954 pestilentia
815 1876 979 1954 absumpto
992 1876 1096 1940 resisti
1111 1885 1180 1953 pot·

191 1969 269 2024 erat.
304 1961 413 2022 eadem
434 1968 464 2021 et
485 1959 652 2023 Sardorum
675 1961 766 2036 legati
786 1961 965 2022 nuntiabant
983 1967 1124 2034 orantes,
1145 1968 1179 2022 ut

192 2045 321 2108 urbibus
336 2045 560 2105 saltem-iam
571 2044 652 2106 enim
663 2060 755 2120 agros
767 2046 946 2122 deploratos
959 2059 1179 2121 csse-opem

192 2137 320 2192 senatus
335 2129 436 2189 terret.
461 2128 539 2190 haec
553 2130 664 2206 legatio
679 2134 836 2205 totumque
848 2129 935 2206 quod
950 2129 990 2189 ad
1005 2127 1178 2191 Sardiniam

191 2213 363 2292 pertinebat
377 2213 417 2274 ad
431 2228 532 2275 novos
546 2215 742 2290 magistratus
754 2215 900 2276 reiectum
916 2219 973 2274 est.

277 2298 386 2374 Aeque
396 2297 578 2360 miserabilis
589 2298 701 2373 legatio
713 2297 886 2373 Lyciorum,
904 2297 956 2372 qui
967 2297 1176 2358 crudelitatem

192 2381 391 2453 Rhodiorum,
405 2379 518 2458 quibus
528 2381 569 2442 ab
579 2381 612 2441 L.
626 2379 765 2442 Cornelio
778 2377 923 2454 Scipione
936 2377 1068 2446 attributi
1081 2387 1177 2450 erant,

193 2465 409 2541 querebantur.
444 2464 539 2526 luisse
563 2465 620 2526 sub
646 2460 767 2524 dicione
788 2459 943 2522 Antiochi:
972 2474 1041 2520 eam
1058 2461 1176 2536 regiam

193 2547 369 2611 servitutem
384 2548 523 2610 collatam
541 2563 609 2609 curn
624 2545 780 2624 praesenti
794 2551 875 2608 statu
885 2545 1073 2621 praeclaram
1085 2545 1176 2605 liber-

192 2637 285 2692 tatem
305 2632 413 2693 visam.
448 2647 511 2694 non
525 2630 649 2709 publico
664 2635 779 2690 tantum
794 2643 829 2690 se
843 2627 940 2706 premi
954 2628 1097 2705 impen'o,
1120 2629 1178 2690 sed

192 2715 331 2791 singulos
345 2715 458 2778 iustum
472 2716 536 2793 pati
550 2713 718 2776 servitium.
736 2713 824 2790 ipsos
840 2713 986 2788 coniuges
1000 2711 1177 2789 liberosque

190 2799 313 2874 vexari,
334 2800 364 2859 in
387 2813 519 2875 corpus,
540 2799 570 2858 in
592 2804 710 2873 tergum
731 2797 859 2872 saeviri,
880 2799 1007 2872 lamam,
1030 2797 1115 2874 quod
1129 2798 1175 2857 in·

191 2881 317 2954 dignum
331 2882 379 2956 sit,
395 2875 540 2946 maculari
551 2881 820 2960 dehonestariqae,
832 2890 863 2944 et
873 2883 975 2959 palam
986 2896 1037 2942 res
1049 2881 1176 2943 odiosas

190 2965 257 3025 ficri
278 2965 352 3026 iuris
368 2967 458 3025 etiarn
477 2963 648 3042 usurpandi
669 2981 779 3038 causa,
802 2982 843 3027 ne
863 2981 920 3042 pro
936 2965 1029 3027 dubio
1043 2965 1176 3027 babeant

190 3045 264 3107 nihil
278 3048 357 3109 inter
370 3063 405 3109 se
418 3055 450 3110 et
463 3055 589 3124 argento
603 3057 711 3127 parata
725 3051 878 3127 mancipia
891 3050 1052 3113 interesse.
1073 3055 1175 3110 motus

188 3128 238 3190 his
261 3136 387 3193 senatus
407 3131 523 3194 litteras
538 3133 642 3214 Lyciis
658 3135 699 3196 ad
712 3134 852 3197 Rhodios
867 3134 966 3206 dedit,
988 3148 1047 3194 nec
1059 3132 1175 3212 Lycios

188 3213 318 3276 Rhodiis
333 3229 391 3276 nec
404 3217 485 3279 ullos
500 3217 720 3296 alicuiquam,
737 3219 790 3295 qui
804 3217 867 3279 nati
881 3218 970 3280 liberi
982 3218 1050 3291 sint,
1065 3216 1096 3278 in
1109 3230 1174 3278 ser·

189 3298 313 3360 vitutem
327 3298 393 3362 dari
407 3302 539 3378 placere.
561 3302 676 3382 Lucios
690 3304 733 3366 ita
746 3302 805 3366 sub
815 3301 1004 3364 Rhodiorum
1017 3301 1105 3367 simul
1118 3300 1174 3359 im·

187 3383 275 3456 perio
290 3391 320 3445 et
333 3387 427 3447 tutela
440 3401 521 3460 esse,
536 3395 571 3450 ut
585 3388 615 3449 in
632 3385 755 3451 dicione
768 3384 877 3464 populi
891 3386 1021 3448 Romani
1036 3384 1174 3447 civitates

187 3467 292 3528 sociae
310 3468 379 3530 sint.
857 3477 861 3485 ’
