2598 3956
331 167 447 230 LIBER
459 167 521 230 XL.
544 168 627 228 ΟΑΡ.
641 177 685 232 38.
696 177 740 233 39.
751 177 795 232 40.
819 177 856 245 [a.
868 178 900 231 C.
913 179 975 247 180]
1097 173 1139 240 87

157 321 231 394 dati,
249 336 378 396 quorum
393 336 432 380 ex
448 319 576 380 consilio
592 328 725 394 agerent
756 328 910 384 transacta
925 341 959 384 re
974 340 1041 385 cum
1058 333 1140 389 vete·

157 420 222 464 rem
240 405 406 466 exercitum
419 405 546 464 Romam
563 404 773 480 deduxissent,
789 407 960 482 triumphus
976 409 1014 470 ab
1030 418 1141 473 senatu

157 494 208 548 est
227 489 379 560 decretus.
405 487 436 550 hi
456 487 591 552 omnium
612 487 700 562 primi
721 491 804 550 nullo
824 490 905 552 bello
930 499 1017 568 gesto
1037 494 1140 555 trium—

157 571 299 646 pharunt.
321 577 437 633 lantum
451 570 557 634 hostes
571 571 655 637 ducti
671 579 741 633 aute
758 589 888 649 currum,
905 577 977 651 quia
987 592 1044 637 nec
1056 579 1141 652 quod

157 655 287 715 serretur
307 671 409 731 neque
431 656 515 731 quod
536 656 698 716 duceretur
713 664 836 732 captum
848 675 951 734 neque
966 660 1050 735 quod
1064 661 1140 722 mili-

157 738 239 800 tibus
255 741 385 814 daretur,
401 738 565 818 quicquam
578 739 608 798 in
623 738 782 815 triumphis
796 757 900 802 eorum
916 745 1023 804 iuerat.

240 822 372 885 XXXIX„
392 823 517 886 wEodem
541 838 620 884 anno
640 823 673 888 in
693 823 844 899 Hispania
863 826 988 887 Fulvius
1008 824 1139 890 Flaccus

155 906 333 981 proconsul,
350 906 422 983 quia
437 923 602 970 successor
613 907 643 967 in
658 908 848 983 provinciam
858 909 975 972 tardius
986 909 1139 988 veniebat,

154 991 268 1050 educto
284 991 420 1053 exercitu
435 1007 475 1052 ex
491 991 625 1052 hibernis
639 991 814 1053 ulteriorem
830 992 1007 1056 celtiberiae
1021 1010 1138 1070 agrum,

148 1074 238 1135 unde
252 1074 293 1134 ad
308 1072 493 1136 deditionem
506 1091 569 1135 non
583 1082 738 1150 venerant,
752 1075 861 1138 institit
873 1085 1005 1138 vastare.
1029 1094 1090 1154 qua
1104 1094 1139 1139 re

153 1157 283 1218 irritavit
306 1157 403 1232 magis
429 1174 520 1234 quam
545 1159 712 1220 conterruit
731 1160 850 1221 animos
871 1161 1085 1232 barbarorum
1108 1170 1139 1223 et

155 1241 234 1301 clam
246 1240 432 1317 conrparatis
443 1243 542 1316 copiis
554 1243 864 1317 saltumManlianum,
873 1260 1027 1320 perquem
1038 1253 1137 1307 trans·

153 1324 266 1386 iturum
286 1325 453 1386 exercitum
473 1326 643 1388 Romanurn
664 1326 739 1387 satis
761 1328 912 1402 sciebant,
939 1329 1138 1390 obsederunt.

153 1409 185 1468 in
199 1408 378 1485 Hispaniam
399 1408 572 1471 ulteriorem
594 1410 675 1470 eunti
694 1410 728 1469 L.
743 1410 900 1473 Postumio
914 1410 1027 1473 Albino
1044 1413 1136 1472 colle·

154 1491 376 1568 gaeGracchus
388 1494 594 1567 mandaverat,
606 1492 829 1567 th.Fulvium
841 1494 1135 1570 certioremlaceret,

153 1577 358 1636 Tarraconem
379 1577 547 1639 exereitum
569 1577 751 1639 adduceret:
773 1578 815 1639 ibi
835 1576 941 1640 dimitti
962 1586 1136 1654 veteranos,

153 1662 430 1736 supplementaque
445 1661 626 1722 distribuere
641 1668 671 1722 et
682 1661 824 1723 ordinare
836 1678 957 1723 omnem
969 1663 1136 1733 exercitum

154 1759 227 1804 sese
237 1744 326 1804 velle.
349 1745 416 1806 dies
429 1760 562 1821 quoque,
578 1753 608 1806 et
618 1761 656 1805 ea
665 1746 849 1822 propinqua,
865 1745 947 1806 edita
956 1746 1067 1807 Flacco
1079 1753 1135 1822 est,

153 1843 216 1902 qua
229 1842 396 1891 successor
405 1836 490 1890 esset
501 1836 656 1892 venturus.
675 1829 752 1890 haec
764 1845 846 1891 nova
856 1830 957 1890 adlata
966 1845 1028 1905 res,
1044 1831 1136 1891 omis·

153 1911 198 1972 sis
214 1927 294 1987 quae
314 1928 404 1988 agere
424 1913 608 1985 instituerat,
630 1913 773 1974 Flaccum
786 1913 896 1989 raptim
913 1913 1067 1974 deducere
1081 1929 1135 1974 ex·

152 1995 278 2057 ercitum
290 2013 329 2058 cx
341 1996 501 2058 Celtiberia
512 2013 580 2058 cum
593 1997 755 2072 coegisset,
769 1995 891 2058 barbari
903 2013 1016 2059 causae
1027 1997 1136 2075 ignari,

155 2093 241 2142 ruam
262 2079 465 2143 delectionem
486 2087 516 2142 et
530 2081 608 2140 clam
623 2088 800 2156 comparata
813 2097 898 2141 arma
911 2079 1050 2142 sensisse
1066 2098 1136 2142 eum

152 2170 184 2224 et
201 2163 396 2238 pertimuisse
417 2166 489 2238 rati,
519 2179 556 2224 eo
578 2162 713 2224 ferocius
734 2166 845 2224 saltum
864 2165 1053 2225 insederunt.
1072 2165 1134 2225 tubi

152 2262 221 2307 eum
237 2250 345 2308 saltum
361 2247 458 2322 prima
473 2250 541 2307 luce
555 2262 664 2322 agmen
678 2248 849 2308 Romanum
863 2245 994 2321 intravit,
1008 2255 1135 2323 repenle

150 2347 191 2390 ex
208 2332 327 2392 duabus
345 2330 482 2406 partibus
503 2331 592 2392 simul
606 2331 704 2391 exorti
718 2331 825 2392 hostes
839 2333 997 2392 Romanos
1012 2331 1133 2391 invase-

151 2422 229 2475 runt.
258 2417 341 2490 quod
356 2415 408 2476 ubi
421 2415 498 2476 vidit
510 2414 655 2488 Flaccus,
678 2417 792 2490 primos
807 2417 953 2477 tumultus
967 2414 998 2474 in
1014 2412 1135 2491 agmine

151 2515 208 2580 per
223 2499 417 2560 centuriones
433 2507 515 2562 stare
529 2515 651 2574 omnes,
667 2516 724 2561 suo
742 2515 897 2576 quemque
910 2500 990 2574 loco,
1006 2507 1037 2558 et
1050 2515 1135 2558 arma

151 2583 299 2658 expedire
308 2583 444 2644 iubendo
457 2581 584 2658 sedavit,
600 2591 631 2644 et
641 2584 770 2645 sarcinis
781 2583 987 2658 iumentisque
997 2583 1027 2642 in
1039 2600 1134 2644 unum

151 2667 252 2726 locum
274 2667 387 2728 coactis
402 2667 509 2742 copias
526 2683 633 2728 omncs
649 2669 758 2742 partim
772 2667 841 2743 ipse
855 2667 964 2742 parlim
979 2683 1036 2742 per
1049 2668 1134 2741 lega·

109 2803 118 2819 ,
151 2757 200 2811 tos
215 2750 418 2828 tribunosque
433 2751 573 2822 militum,
595 2759 627 2813 ut
640 2758 776 2826 lempna,
798 2759 832 2811 ut
845 2752 933 2811 locus
949 2750 1133 2825 postulabat,

150 2834 218 2894 sine
231 2835 294 2895 ulla
305 2834 510 2910 trepidatione
529 2835 685 2909 iustruxit,
707 2833 839 2895 cumbis
854 2833 964 2894 deditis
981 2849 1134 2894 ramesse

150 2919 331 2994 admonens,
346 2919 449 2980 scelus
464 2926 495 2980 et
508 2918 668 2994 perfidiam
682 2918 750 2995 illis,
766 2933 827 2980 non
841 2917 983 2978 virtutem
997 2933 1054 2977 nec
1069 2917 1132 2978 ani·

151 3018 234 3062 mum
247 3003 438 3077 accessisse,
451 3003 582 3064 reditum
597 3001 762 3078 ignobilem
776 3003 807 3063 in
823 3000 951 3079 patriam
966 3003 1081 3062 clamm
1095 3017 1132 3062 ac

151 3085 380 3147 memorabilem
400 3103 456 3148 eos
471 3085 530 3147 sibi
544 3087 671 3148 lecisse=
693 3093 836 3149 cruentos
852 3101 891 3146 ex
905 3087 1020 3147 recenti
1036 3086 1133 3147 caede

150 3169 284 3230 hostium
304 3169 425 3246 gladios
446 3178 476 3232 et
495 3171 648 3232 manantia
670 3172 820 3246 sanguine
835 3169 935 3246 spolia
948 3172 1077 3232 Romam
1092 3169 1133 3230 ad

150 3252 336 3329 triumphum
357 3254 522 3316 delaturos.
559 3255 647 3331 plura
661 3255 721 3314 dici
734 3263 854 3330 tempus
869 3271 930 3317 non
946 3253 1132 3329 patiebatur=

150 3336 336 3398 invehebant
349 3352 384 3397 se
399 3338 520 3413 hostes,
542 3347 572 3400 et
584 3337 615 3398 in
630 3339 768 3414 partibus
782 3339 925 3400 extremis
941 3337 999 3397 iam
1015 3350 1132 3410 pugna·

150 3419 248 3483 batur.
264 3419 382 3483 Deinde
394 3422 476 3482 acies
489 3430 717 3484 concurrerunt·
739 3422 800 3482 XL.
817 3428 904 3482 atrox
915 3420 1030 3494 ubique
1041 3433 1131 3494 prce
