2598 3956
344 200 461 263 LIBER
473 199 561 264 XLII.
583 201 666 262 GAP.
680 209 706 265 6.
722 208 748 265 t.
771 209 808 277 [a.
820 207 853 262 0.
866 209 928 277 173]
1068 203 1130 268 135

124 331 126 338 ’
148 356 295 435 temporis
309 353 406 432 gratia
413 353 483 430 regi
496 351 592 417 fleret.
614 354 729 416 donum
739 355 1044 433 praetereaadlcrrq·
1056 373 1132 418 vasa

149 457 241 504 aurea
262 437 459 516 quingentum
479 437 595 515 pondo.
628 444 733 515 petere
753 453 871 514 regem,
892 447 939 516 ut,
960 457 1041 517 quac
1062 457 1131 503 cum

149 533 236 603 patre
250 539 308 588 suo
324 523 458 584 socians
472 528 566 598 atque
579 521 710 584 amicitia
724 523 848 597 inisset,
868 538 906 585 ea
920 540 1026 588 secum
1041 539 1130 588 reno

149 617 280 684 veretur,
296 609 520 685 imperaretque
534 604 593 668 sibi
608 608 742 682 populus
757 606 931 684 Romanus,
954 625 1034 684 quae
1049 611 1131 672 bono

149 691 294 768 fidelique
315 691 401 754 socio
422 690 488 766 regi
507 697 614 752 essent
633 691 827 767 imperanda:
850 707 885 752 se
900 692 984 754 nullo
998 709 1131 771 usquam

150 785 341 840 cessaturum
364 773 476 836 officio.
509 788 546 834 ea
565 774 673 837 marita
692 775 723 834 in
739 789 774 834 se
788 781 914 836 senatus
929 775 1041 852 luisse,
1062 792 1132 838 cum
1248 809 1253 816 -

149 863 264 922 Romae
281 866 374 934 esset,
390 873 457 919 eam
472 859 643 922 comitalem
656 858 839 935 iuventutis,
853 867 887 921 ut
900 875 957 936 pro
971 875 1054 936 rege,
1070 877 1133 922 non

150 962 206 1022 pro
229 944 337 1008 obside
353 941 493 1006 omnibus
509 941 669 1005 ordinibus
683 941 782 1006 luerit.
815 943 924 1020 legatis
938 943 1070 1021 benigne
1084 961 1132 1006 re-

149 1045 309 1106 sponsum,
324 1034 354 1090 et
365 1025 542 1088 societatem
551 1042 703 1090 renovare
715 1041 783 1088 cum
794 1027 1052 1105 Antiocho,·quae
1064 1045 1134 1092 cum

149 1121 235 1190 patre
249 1112 316 1173 eius
331 1112 439 1184 iuerat,
453 1112 491 1170 Α.
503 1109 614 1172 Atilius
626 1118 751 1186 praetor
761 1112 896 1174 urbanus
908 1112 1021 1174 iussus.
1040 1129 1133 1190 quae-

150 1205 251 1262 stores
261 1195 370 1259 urbani
383 1191 577 1270 stipendium,
585 1209 662 1256 vasa
672 1210 766 1256 aurea
779 1211 926 1259 censores
938 1203 1133 1274 acceperunt,

150 1281 259 1357 eisquc
285 1278 440 1355 negotium
466 1277 570 1340 datum
595 1284 657 1352 est,
683 1284 717 1339 ut
741 1286 891 1354 ponerent
911 1296 949 1341 ea
968 1279 1000 1341 in
1021 1281 1133 1357 quibus

149 1362 273 1440 templis
291 1361 460 1434 videretum
486 1369 579 1438 atque
593 1363 694 1438 legato
708 1371 829 1425 centurn
844 1363 958 1424 milium
972 1365 1053 1426 aeris
1068 1381 1134 1425 mu·

150 1465 209 1511 nus
223 1449 362 1522 missum,
376 1454 407 1508 et
420 1444 516 1508 aedes
531 1445 647 1508 liberae
659 1444 795 1523 hospitio
810 1448 914 1522 datae,
931 1443 1135 1526 sumptusque

150 1533 302 1608 decretus,
317 1531 417 1596 donec
431 1529 462 1592 in
474 1529 559 1592 italia
570 1538 662 1591 esset.
685 1531 785 1607 legali,
799 1531 850 1608 qni
861 1531 892 1592 in
905 1530 996 1611 Syria
1007 1533 1134 1608 inerant,

149 1616 401 1680 renuntiaverunt
420 1615 451 1676 in
471 1612 605 1676 maximo
626 1630 697 1676 eum
710 1614 829 1678 honore
846 1616 930 1691 apud
943 1630 1048 1693 regem
1062 1631 1135 1678 esse

150 1701 430 1775 amicissimumque
445 1701 560 1776 populo
574 1700 723 1761 Romano.
862 1701 863 1707 ’

234 1785 300 1846 vll.
322 1785 358 1844 ln
371 1782 538 1860 provinciis
559 1799 598 1844 eo
621 1800 701 1846 anno
716 1782 802 1845 haec.
830 1784 862 1845 c.
877 1783 1030 1846 Cicereius
1045 1799 1135 1861 prae·

150 1878 199 1932 tor
213 1869 244 1932 in
260 1868 387 1932 Corsica
400 1867 496 1944 signis
512 1867 629 1930 collatis
644 1869 808 1944 pugnavit=
834 1875 953 1944 septem
967 1865 1050 1930 milia
1063 1869 1133 1932 cor·

152 1970 256 2016 sorum
272 1967 379 2028 caasa,
400 1950 481 2028 capti
495 1951 626 2028 amplius
641 1953 722 2014 mille
736 1959 767 2013 et
781 1951 976 2030 septingenti.
1008 1962 1135 2015 voverat

151 2039 182 2100 in
197 2054 235 2100 ea
255 2051 359 2115 pugna
377 2041 501 2112 praetor
522 2035 631 2098 aedem
645 2037 753 2099 lunoni
766 2037 918 2099 Monetae.
947 2053 1010 2113 pax
1024 2037 1135 2098 deinde

154 2123 225 2184 data
235 2121 410 2197 petentibus
418 2118 531 2196 Corsis,
539 2127 570 2180 ct
582 2127 690 2181 exacta
698 2135 788 2181 cerae
796 2121 915 2182 ducena
925 2120 1008 2182 milla
1018 2122 1134 2197 pondo.

154 2221 192 2266 ex
207 2205 332 2268 Corsica
352 2203 481 2266 subacta
495 2201 648 2264 Cicereius
668 2203 701 2267 in
715 2203 886 2265 Sardiniam
900 2203 1076 2264 transmisit.
1106 2210 1136 2265 et

152 2291 182 2350 in
195 2288 358 2366 Liguribus
378 2289 409 2349 in
423 2302 498 2363 agro
514 2285 660 2350 Statellati
677 2293 845 2365 pugnatum
860 2289 900 2348 ad
915 2287 1064 2366 oppidum
1079 2285 1135 2348 Ga-

152 2379 281 2452 rystum.
317 2388 355 2434 co
383 2387 420 2435 se
442 2387 573 2448 magnus
602 2373 755 2436 exercitus
782 2373 928 2448 Ligurum
956 2371 1135 2435 contulerat

152 2459 251 2535 primo
273 2456 331 2520 sub
353 2457 517 2519 adventurn
529 2455 572 2518 Μ.
585 2454 704 2534 Popillii
725 2457 862 2519 consulis
882 2455 1046 2518 moenibus
1064 2471 1137 2518 sese

148 2541 365 2612 continebant3
395 2540 507 2602 deinde
532 2548 696 2618 postquam
717 2541 866 2619 oppidum
887 2549 1137 2618 oppugnaturum

152 2627 324 2689 Romanum
338 2624 510 2700 cernebant,
525 2627 684 2702 progressi
700 2633 769 2687 ante
783 2633 890 2703 portas
904 2625 1003 2687 aciem
1018 2631 1137 2686 suune·

151 2720 231 2772 runt.
265 2725 322 2781 nec
343 2711 466 2786 consul,
486 2717 519 2771 ut
539 2709 590 2785 qui
605 2709 638 2771 id
650 2709 753 2787 ipsum
769 2709 998 2786 oppugnatione
1013 2707 1137 2770 commi·

152 2794 256 2856 nandu
277 2793 460 2871 quaesisset,
481 2809 596 2855 moram
618 2793 774 2856 certamini
795 2793 875 2854 iecit.
907 2799 1076 2869 pugnatum
1090 2798 1138 2852 est

154 2879 286 2955 amplius
295 2885 359 2939 tres
370 2878 474 2952 horas,
488 2877 530 2938 ita
539 2885 573 2938 ut
583 2884 691 2938 neutro
705 2876 864 2940 inclinaret
877 2891 963 2952 spes.
987 2875 1072 2950 quod
1084 2874 1139 2936 ubi

155 2962 264 3024 consul
284 2962 360 3023 vidit
380 2962 463 3023 nulla
482 2970 570 3037 parte
591 2962 709 3024 moveri
723 2963 868 3040 Ligurum
883 2961 987 3036 signa,
1007 2960 1139 3035 imperat

156 3045 319 3122 equilibus,
336 3054 371 3108 ut
382 3061 480 3122 equos
497 3046 715 3121 conscendant,
731 3062 768 3107 ac
782 3047 879 3108 tribus
894 3045 984 3108 simul
999 3043 1137 3120 partibus

156 3129 328 3205 innostra,
355 3137 468 3206 quanto
495 3130 627 3192 maximo
652 3137 782 3206 possent
801 3131 945 3206 tumultu,
971 3126 1138 3190 incurrant.

156 3230 229 3290 pars
250 3229 361 3290 magna
380 3214 515 3291 equitum
535 3213 666 3274 mediam
687 3214 805 3276 traiecit
825 3215 922 3276 aciem
942 3221 972 3275 et
992 3212 1032 3274 ad
1052 3219 1140 3286 terga

155 3298 353 3374 pugnantium
374 3295 521 3373 pervasit.
553 3297 624 3358 inde
639 3304 736 3364 terror
750 3297 880 3360 iniectus
892 3295 1071 3373 Liguribus=
1093 3293 1138 3354 di·

155 3381 238 3443 versi
259 3382 289 3443 in
312 3395 419 3443 omnes
440 3387 545 3456 partes
567 3382 724 3459 fugarunt,
746 3382 893 3460 perpauci
906 3387 989 3441 retro
1003 3379 1035 3439 in
1050 3375 1138 3453 oppi-

157 3465 238 3540 dum,
255 3465 328 3540 quia
341 3464 413 3525 inde
428 3479 463 3526 se
477 3465 610 3526 maxime
624 3465 779 3530 obiecerat
793 3481 900 3542 eques.
919 3471 950 3526 et
962 3475 1067 3539 pugna
1076 3466 1139 3522 mm
