2592 3964
287 208 404 271 LIBER
417 189 548 269 xxxix.
572 207 949 286 cAP.ss.ac.[a.c.1es]
1068 211 1110 274 aa

116 361 236 423 victum
248 365 324 421 etse
336 356 481 418 liberatos
493 371 572 417 esse.
595 363 630 419 ut
641 371 754 434 equum
763 365 911 437 tenacem,
926 377 988 423 non
999 377 1109 439 paren·
1186 341 1192 368 ¹

115 454 197 518 tem,
220 442 314 504 irenis
335 440 546 517 asperioribus
564 441 775 516 castigandum
790 459 871 504 esse.
905 445 983 506 haec
998 446 1109 508 acerbo

116 524 280 606 postremi,
296 540 365 586 cunr
380 525 500 602 priores
515 524 622 586 leniter
635 525 873 600 permulsissent
885 526 960 588 iram
975 528 1042 590 eius
1054 544 1107 606 pe·

115 620 230 685 tentes,
249 616 282 670 ut
296 607 473 684 ignosceret
483 623 540 683 pro
551 607 688 674 libertate
703 609 910 684 loquentibus
927 620 957 674 et
968 619 1002 673 ut
1012 613 1109 688 depo-

117 695 181 759 sita
202 691 317 755 domini
338 691 503 754 acerbitate
523 691 722 754 adsuesceret
736 695 855 754 socium
870 701 962 770 atque
978 697 1108 758 amicum

117 795 194 841 sese
209 783 377 853 praestare,
392 783 423 836 et
435 775 602 837 imitaretur
612 777 759 852 populum
769 777 949 852 Romanum,
965 779 1019 853 qui
1031 779 1108 840 cari·

111 878 182 930 ,rate
205 876 299 936 quarn
318 866 401 921 metu
421 859 589 934 adiungere
609 859 668 920 sibi
682 860 786 922 socios
806 863 917 921 mallet.
949 861 1107 924 Thessalis

117 943 233 1007 auditis
245 941 409 1004 Perrhaebi
427 943 715 1022 Gonnocondylum,
731 943 985 1022 quodPhilippus
1004 945 1107 1025 Olym-

117 1030 245 1107 piadem
260 1027 484 1104 appellaverat,
504 1027 707 1088 Perrhaebiae
722 1027 833 1104 luisse,
855 1036 887 1090 et
899 1034 934 1091 ut
946 1029 1005 1090 sibi
1019 1030 1107 1091 resti·

117 1119 266 1186 tueretur,
283 1110 431 1186 agebanu
454 1117 484 1170 et
498 1110 537 1171 de
546 1106 678 1172 Malloea
692 1118 723 1173 et
733 1110 866 1174 Ericinio
881 1113 989 1176 eadem
1001 1121 1106 1190 postu·

118 1197 193 1258 latio
220 1201 294 1255 erat.
327 1193 515 1256 Athamanes
540 1194 708 1255 libertatem
731 1196 912 1272 repetebant
931 1203 962 1257 et
981 1198 1108 1258 castella

117 1281 314 1344 Athenaeum
326 1277 540 1339 etPoetneum.
562 1277 669 1338 XXVI.
688 1278 857 1356 Philippus,
872 1287 906 1340 ut
917 1283 1106 1342 accusatoris

118 1366 226 1441 potius
241 1379 333 1438 quarn
346 1363 391 1422 rei
405 1361 542 1438 speciem
555 1361 690 1436 haberet,
705 1369 736 1422 et
749 1364 817 1438 ipse
828 1379 847 1422 a
859 1363 1003 1438 querellis
1015 1375 1106 1426 orsus

118 1445 323 1508 Menelaidem
338 1445 367 1505 in
382 1445 527 1522 Dolopia,
544 1457 624 1526 quae
637 1445 724 1520 regni
739 1441 792 1507 sui
802 1445 924 1521 missal,
939 1446 1106 1510 Thessalos

119 1533 152 1592 vi
173 1537 268 1606 atque
288 1529 380 1590 armis
403 1543 601 1606 expugnasse
622 1536 752 1604 questus
769 1536 836 1602 ·est;
858 1530 928 1590 item
941 1529 1061 1591 Petram
1075 1533 1107 1590 in

118 1615 221 1676 Pieria
234 1613 274 1674 ab
287 1611 397 1674 iisdem
410 1611 566 1674 Thessalis
580 1611 824 1690 Perrhaebisque
839 1622 966 1690 captam.
988 1615 1107 1693 Xynias

120 1698 264 1776 quidem,
279 1695 364 1757 haud
378 1696 471 1760 dubie
484 1697 656 1758 Aetolicum
671 1697 834 1774 oppidum,
850 1696 910 1759 sibi
924 1713 979 1759 eos
996 1698 1107 1759 contri·

118 1782 246 1851 buisse;
269 1787 300 1844 et
309 1779 538 1856 Paracheloida,
554 1794 634 1858 quae
648 1781 707 1842 sub
717 1779 900 1844 Athamania
914 1787 1007 1856 esset,
1022 1783 1106 1842 nullo

118 1867 189 1928 iure
199 1864 416 1926 Thessalorum
431 1863 580 1925 formulae
594 1864 714 1927 iactam.
736 1881 808 1925 nom
820 1869 900 1943 quae
912 1864 971 1925 'sibl
983 1865 1108 1926 crimina

118 1948 294 2012 obiciantur
308 1949 348 2009 do
361 1945 481 2010 insidiis
495 1949 665 2024 legatorum
677 1956 708 2011 el
719 1949 876 2011 maritimis
886 1947 1036 2026 portubus
1048 1951 1108 2010 ire-

124 2031 278 2112 quentatis
296 2037 349 2093 aut
362 2031 508 2108 desertis,
530 2032 657 2092 alterum
672 2032 871 2094 deridiculum
886 2046 971 2108 esse,
988 2049 1024 2093 se
1037 2033 1107 2093 red-

119 2117 199 2178 dere
212 2115 371 2190 rationem,
388 2130 467 2192 quos
482 2123 590 2192 portus
605 2123 793 2177 mercatores
808 2115 982 2178 autmutlcl
994 2123 1108 2190 petant,

120 2201 251 2262 alterum
271 2213 374 2261 mores
394 2213 544 2274 respuere
565 2203 651 2260 suos.
681 2205 726 2260 tot
745 2213 843 2258 annos
865 2203 937 2258 esse
957 2213 1014 2272 per·
1028 2212 1108 2274 quos

120 2297 290 2359 numquam
301 2279 492 2344 cessaverint
502 2281 592 2356 legati
604 2285 685 2342 ntlnc
693 2280 733 2342 a‘d
743 2279 1109 2358 imperatoresltcmanos

121 2383 207 2430 nunc
226 2363 355 2429 Romam
375 2367 416 2428 ad
430 2373 570 2429 senatum
590 2363 717 2426 crimina
736 2363 775 2426 de
795 2379 838 2446 se
850 2363 987 2426 deferre:
1018 2379 1111 2440 quem

121 2463 269 2526 umquam
286 2449 382 2511 verbo
403 2448 548 2512 violatum
571 2451 665 2510 esset
685 2447 781 2510 semel
800 2447 942 2510 euntibus
962 2449 1002 2510 ad
1018 2449 1108 2524 Quin-

122 2533 356 2598 ctiuminsidias
369 2532 554 2594 dicineus:
574 2533 632 2595 sed
644 2531 719 2608 quid
729 2533 767 2593 ii‘s'
778 2531 931 2605 acciderit,
945 2549 1005 2594 non
1019 2533 1107 2592 adici.

123 2619 337 2698 quaerentium
353 2615 438 2692 quod
454 2618 533 2678 lalsb
549 2615 696 2690 obiciant,
716 2621 784 2676 cum
800 2616 864 2676 veri
879 2617 952 2676 nihil
967 2615 1109 2689 habeant,

124 2709 166 2764 ea
187 2702 314 2764 crimina
333 2715 415 2762 esse.
442 2701 609 2762 insolenter
623 2707 654 2760 et
667 2697 830 2760 immodice
845 2700 928 2760 abuti
942 2700 1108 2760 Thessalos

123 2784 314 2862 indulgentia
323 2777 575 2861 populiRoma‘ni,
587 2786 670 2845 velut
681 2799 720 2843 ex
732 2783 847 2842 diutiha
856 2783 907 2842 sili
918 2784 1007 2843 nimis
1020 2783 1110 2843 avide

123 2885 241 2932 meram
255 2865 431 2930 haurientes
446 2868 630 2930 libertatem:
651 2867 692 2927 ita
708 2868 867 2926 servolum
881 2866 974 2927 modo
989 2873 1111 2942 praeter

125 2969 216 3031 spem
234 2961 361 3030 repente
381 2953 636 3014 manumissorum
657 2951 809 3011 licentiam
831 2951 917 3010 vocis
939 2957 969 3011 et
988 2950 1111 3024 linguae

126 3038 269 3114 experiri,
289 3041 319 3098 et
332 3037 445 3097 iactare
460 3046 531 3098 sese
549 3035 750 3096 insectatione
764 3042 794 3095 et
809 3033 958 3095 conviciis
973 3031 1111 3096 domino·

126 3137 204 3182 rum.
237 3123 334 3183 elatus
356 3117 468 3181 deinde
489 3121 534 3180 ira
554 3119 664 3180 adiecit
683 3118 820 3180 nondum
841 3119 974 3178 omnium
995 3119 1112 3178 dierum

127 3207 227 3267 solem
247 3205 411 3266 cecidisse.
439 3204 470 3264 id
490 3203 647 3264 minaciter
661 3202 774 3263 dictum
789 3216 851 3262 non
866 3201 1004 3262 Thessali
1018 3201 1112 3259 modo

126 3290 159 3350 in
180 3305 267 3362 sese,
289 3287 346 3350 sed
366 3290 455 3349 etiam
469 3284 598 3350 Romani
618 3289 812 3361 acceperunt.
848 3293 960 3346 etcum
976 3280 1113 3342 lrernitus

128 3383 202 3450 post
222 3387 289 3433 eam
303 3387 413 3433 vocem
429 3379 513 3435 ortus
529 3378 559 3432 et
571 3371 694 3434 tandem
709 3369 835 3432 sedatus
850 3375 949 3441 esset,
968 3363 1113 3426 Perrhae·

128 3455 238 3520 borum
253 3456 325 3518 inde
339 3455 606 3532 Athamanumque
621 3455 729 3530 legatis
743 3451 906 3529 respondit
919 3447 1057 3520 eandem,
1077 3445 1112 3506 de
