2598 3956
203 247 265 313 154
369 240 803 310 aerumnosarum.
827 252 862 321 [a.
874 251 909 306 tt.
920 271 945 305 ι.
956 251 1020 319 ser]

203 399 379 477 principum
400 398 523 458 diversa
543 407 685 459 cerneres
701 398 811 459 studia.
834 413 908 478 pars
924 397 965 460 ita
980 399 1010 460 in
1024 399 1182 462 Romanus

202 482 296 545 effusi
311 487 410 557 erant,
431 479 686 544 etauctoritatem
709 480 871 544 immodico
884 481 992 544 lavore
1007 497 1182 560 corrumpe·

204 577 282 642 rent,
299 567 389 642 pauci
403 580 442 626 ex
457 567 494 627 iis
510 563 623 628 iustitie
637 565 756 644 imperii
770 566 899 627 Romani
911 567 1001 642 capti,
1016 567 1121 646 piures
1132 567 1184 640 ita,

207 653 234 712 si
248 651 447 727 praecipuam
468 657 594 726 operam
614 657 795 724 necassent,
815 654 958 728 'potentes
973 664 1045 712 sese
1063 651 1094 710 in
1110 649 1183 711 civi·

205 734 320 798 tatibus
342 731 407 796 suis
426 731 548 796 iuturus
568 733 635 796 rati.
667 745 740 809 pars
763 734 857 794 attera
875 733 979 809 regiae
999 733 1183 796 adolationis

206 826 281 888 erat,
299 833 379 896 quos
391 821 446 878 aes
457 817 588 878 alienum
600 824 630 878 et
639 816 813 894 desperatio
823 828 925 878 rerum
938 827 1063 878 suarum
1074 818 1183 879 eodem

207 908 350 964 manente
380 905 463 963 statu
493 901 677 976 praecipites
701 901 742 961 ad
766 901 910 961 novanda
934 901 1036 962 omnia
1060 899 1184 977 agebam

207 985 361 1063 quostiam
375 991 537 1046 ventosum
558 981 726 1060 ingenium,
749 984 822 1060 quia
833 983 965 1046 Perseus
980 984 1078 1060 magis
1092 999 1186 1044 aurae

209 1063 1184 1147 populariserat.terllepars,optimaeatiemetprudenllsslnra,

209 1153 238 1214 si
248 1153 355 1229 utique
366 1151 449 1226 optio
462 1151 575 1212 domini
586 1151 713 1228 potioris
725 1149 856 1223 daretur,
870 1150 927 1212 sub
934 1151 1081 1213 Romanis
1094 1167 1185 1228 quern

210 1233 270 1298 snb
290 1249 365 1311 rege
385 1232 518 1296 malebat
537 1249 625 1296 esse:
654 1234 681 1296 si
694 1231 823 1296 liberum
837 1235 909 1295 inde
923 1233 1079 1297 arbitrium
1093 1237 1185 1296 iortu·

211 1336 271 1382 nae
292 1328 390 1394 esset,
411 1327 549 1380 neutram
570 1327 687 1394 partem
705 1317 850 1379 volebant
870 1319 1073 1395 potentiorem
1093 1321 1187 1380 altera

209 1417 366 1480 oppressa
379 1399 454 1476 ilari,
470 1401 527 1463 sed
541 1401 662 1466 illibatis
678 1399 779 1478 potius
791 1401 906 1465 viribus
918 1403 1187 1486 utriusquepartis

212 1501 321 1565 pacem
347 1500 387 1546 ex
411 1498 512 1564 aequo
537 1497 676 1547 manere:
705 1487 747 1546 ita
770 1487 848 1546 inter
872 1493 1022 1564 utrosque
1043 1488 1188 1564 optimam

211 1570 427 1632 condicionem
442 1568 607 1630 civitatium
621 1569 687 1631 iore
703 1575 880 1646 protegente
894 1572 990 1632 altero
1006 1583 1129 1647 semper
1143 1569 1188 1630 in·

211 1667 303 1730 opem
324 1653 363 1714 ab
384 1649 506 1714 alterius
529 1651 649 1714 iniuria.
670 1651 747 1713 haec
762 1654 929 1715 sentientes
945 1655 1108 1717 certamina
1122 1655 1187 1715 lau·

211 1747 313 1800 torum
326 1736 594 1813 utriusquepartis
610 1733 691 1797 taeiti
707 1751 747 1798 ex
762 1742 825 1798 tuto
841 1739 1030 1814 spectabant.
1293 1773 1294 1824 t

175 1841 177 1844 ·
298 1821 448 1882 Consules
470 1835 531 1898 quo
553 1820 604 1881 dle
618 1821 825 1896 magistratum
840 1821 984 1895 inierunt,
1007 1831 1047 1884 ex
1061 1830 1188 1884 sanatus

211 1906 354 1968 consulto
376 1916 445 1964 eum
467 1905 774 1978 circummurana,
799 1905 828 1964 in
845 1903 957 1983 quibus
972 1903 1189 1969 lectisternium
1293 1945 1294 1948 =

213 1987 360 2050 maiorem
373 1995 491 2063 partem
507 1984 579 2048 anni
593 2003 665 2050 esse
679 1989 766 2059 solet,
781 1987 947 2050 maioribus
963 1989 1071 2050 hostiis
1083 1985 1189 2050 immo·

212 2073 345 2146 lassent,
367 2071 438 2132 inde
461 2083 571 2148 preces
593 2082 667 2134 suas
682 2077 825 2150 acceptas
841 2070 879 2134 ab
895 2073 954 2138 diis
969 2073 1189 2136 immortalibus

212 2155 346 2229 ominati,
361 2157 480 2218 senatui
495 2157 552 2218 rite
563 2151 766 2218 sacrificatum
779 2155 1047 2236 precationemque
1059 2157 1098 2217 de
1109 2157 1190 2220 bello

212 2243 324 2303 iactam
338 2241 558 2302 renuntiarunt.
580 2240 761 2320 haruspices
775 2240 1061 2316 iteresponderunt,
1078 2241 1191 2318 siquid

212 2325 258 2386 rei
282 2339 383 2404 novae
403 2323 601 2400 inciperetur,
627 2325 658 2385 id
679 2321 891 2386 maturandum
911 2340 999 2387 esse=
1023 2325 1190 2398 victoriam,

212 2405 407 2484 triumphum,
423 2407 674 2484 propagationem
685 2411 790 2484 finalem
799 2411 951 2486 pertendi.
968 2415 1091 2486 patres,
1113 2410 1193 2486 quod

210 2489 347 2566 faustum
362 2488 498 2568 felixque
512 2493 627 2567 populo
643 2489 782 2554 Romano
798 2499 891 2568 essel,
907 2491 1081 2554 centuriatis
1097 2493 1191 2552 comi-

163 2647 167 2653 ,
211 2575 261 2636 tiis
283 2575 381 2650 primo
403 2585 527 2650 quoque
548 2575 598 2635 die
616 2575 697 2636 ferre
717 2575 756 2635 ad
771 2578 918 2656 populum
934 2577 1078 2637 eonsules
1092 2576 1192 2638 iusse-

210 2663 296 2731 runt,
320 2665 353 2718 ut
375 2658 458 2740 quod
478 2654 611 2720 Perseus
632 2655 707 2721 Porti
733 2657 763 2742 pl
784 2659 880 2734 iilius,
901 2660 1105 2722 Macedonum
1125 2675 1191 2736 rex,

210 2741 364 2803 adversus
379 2741 490 2804 laedas
507 2757 574 2804 eum
589 2743 675 2819 patre
689 2675 831 2821 PYriiippo
847 2743 938 2805 ictum
953 2751 983 2806 et
997 2757 1104 2806 secum
1119 2750 1192 2821 past

211 2834 340 2888 mortem
357 2825 423 2888 eius
438 2833 618 2889 renovatum
633 2827 728 2890 sociis
749 2829 855 2906 populi
870 2825 998 2890 Romani
1014 2843 1099 2889 arma
1112 2827 1191 2891 intu-

212 2910 307 2984 lisset,
320 2925 412 2985 agros
423 2918 577 2973 vastasset
586 2912 743 2989 urbesque
754 2917 948 2989 occupasset,
961 2913 1107 2989 quodque
1118 2912 1191 2973 belli
1293 2983 1294 2986 Ἴ

212 2993 343 3068 parandi
374 2994 525 3056 adversus
550 2997 699 3072 populum
724 2997 895 3057 Romanum
919 2997 1047 3056 consilia
1072 2995 1189 3066 inisset
1293 2999 1294 3014 ¹

193 3153 196 3160 ²
211 3091 298 3135 arma
311 3075 421 3138 milites
437 3077 570 3140 classem
583 3079 649 3140 eins
663 3080 708 3139 rei
724 3093 819 3141 causa
834 3087 1061 3155 comparasset,
1083 3087 1118 3142 ut
1131 3080 1191 3140 nisi

209 3155 251 3219 de
271 3159 308 3220 iis
329 3157 423 3222 rebus
445 3159 663 3236 satisfecisset,
685 3159 796 3224 beilum
818 3179 886 3224 curn
903 3177 940 3224 eo
957 3163 1091 3225 iniretur.
1113 3163 1190 3224 haec

209 3242 329 3318 rogatio
350 3244 390 3304 ad
410 3243 557 3320 populum
573 3247 633 3307 lala
648 3252 704 3307 est.
748 3245 853 3307 XXXI.
876 3248 1189 3310 senatusconsultum

208 3325 282 3387 inde
303 3325 414 3389 iactum
438 3335 500 3404 est,
522 3337 555 3390 ut
576 3330 719 3392 consules
742 3328 821 3391 inter
834 3345 870 3392 se
883 3329 1061 3407 provincias
1072 3329 1189 3390 ltaliam

208 3420 240 3472 et
249 3410 460 3473 Macedoniam
473 3419 686 3490 compararent
696 3414 931 3486 sortirenturve;
948 3414 996 3477 cui
1008 3410 1190 3475 Macedonia

208 3494 397 3574 obvenisset,
414 3503 447 3558 ut
460 3495 487 3557 ls
501 3507 605 3573 regem
619 3495 732 3559 Persea
748 3498 862 3576 quique
877 3497 944 3561 eius
960 3505 1075 3559 sectum
1089 3493 1189 3558 secuti
