2570 3952
289 203 404 264 LIBER
417 203 506 262 XLV.
530 203 613 262 CAP.
626 209 670 266 36.
682 211 726 266 37.
749 209 785 276 [a.
798 209 831 266 C.
844 209 906 274 167]
1024 202 1087 266 289

109 357 195 434 gium
215 355 372 415 terendum
394 363 485 414 esset.
517 355 595 414 intro
618 363 744 415 vocatae
765 345 881 430 primae
900 357 998 418 tribus
1020 373 1089 417 cumr

110 440 321 516 antiquorem,
344 453 514 498 concursus
529 439 559 497 in
575 437 754 513 Capitolium
769 439 943 516 principum
958 439 1089 502 civitatis

110 526 211 584 iactus
226 529 288 597 est,
309 520 468 596 indignum
488 521 607 582 lacinus
623 536 695 583 esse
710 523 940 598 clamitantium,
962 524 995 584 L.
1011 523 1088 586 Pau·

109 610 172 668 lum
191 604 266 666 tanti
286 605 357 677 belli
377 606 523 664 victorem
551 605 716 680 despoliari
738 606 908 682 triumpho:
935 607 1089 668 obnoxios

109 692 311 765 imperatores
332 689 411 749 tradi
431 687 570 748 licentiae
590 695 683 764 atquc
704 690 848 750 avaritiae
861 690 988 751 militari.
1008 707 1090 751 nunc

109 773 202 834 nimis
216 788 311 848 saepe
326 788 381 848 per
398 771 591 835 ambitionem
604 773 740 846 peccari:
764 773 847 848 quid,
864 774 890 834 si
905 773 1019 834 domini
1034 773 1088 832 mi-

110 859 180 918 lites
191 856 426 931 imperatoribus
437 855 651 930 imponantur?
665 857 695 916 in
705 855 829 916 Galbam
842 873 897 932 pro
910 872 945 917 se
958 857 1090 933 quisque
1151 869 1153 872 ·

111 941 227 1016 probra
241 939 389 1014 ingerere.
412 939 535 999 tandem
548 939 608 1000 lroc
618 941 746 1000 tumultu
758 939 865 1002 sedato
877 941 916 1000 M.
931 939 1088 1012 Servilius,

113 1023 167 1099 qui
182 1025 291 1084 consul
306 1030 336 1083 et
350 1023 493 1097 magister
508 1024 643 1098 equitum
658 1023 764 1098 iuerat,
785 1030 819 1083 ut
833 1025 872 1084 de
886 1025 1004 1098 integro
1021 1039 1088 1082 eam
1116 1091 1118 1097 Α

109 1123 174 1168 rem
189 1115 315 1181 agerent
331 1107 368 1168 ab
382 1106 512 1166 tribunis
528 1113 640 1181 petere,
662 1106 846 1180 dicendique
862 1108 920 1168 sibi
934 1107 974 1167 ad
989 1123 1087 1183 popu-

70 1188 72 1192 ’
108 1193 172 1251 lum
192 1195 374 1265 potestatem
393 1191 537 1248 lacerent.
568 1189 680 1249 tribuni
701 1205 769 1250 cum
792 1191 831 1250 ad
858 1191 1090 1251 deliberandum

110 1273 331 1345 secessissent,
357 1271 430 1331 victi
454 1271 683 1334 auctoritatibus
709 1274 881 1346 principum
908 1273 947 1332 de
971 1273 1089 1348 integro

110 1371 204 1430 agere
219 1361 393 1429 coeperunt,
409 1362 672 1428 revocaturosque
684 1370 718 1414 se
729 1355 855 1415 easdem
868 1356 963 1416 tribus
978 1371 1090 1416 renun-

110 1441 238 1514 tiarunt,
253 1439 280 1498 si
293 1437 333 1498 Μ.
350 1437 497 1498 Servilius
512 1437 625 1514 aliique
640 1437 766 1513 privati,
783 1439 836 1513 qui
851 1439 954 1498 dicere
967 1439 1088 1514 veilent,

110 1523 271 1583 dixissent.

193 1605 341 1666 XXXVII.
360 1605 432 1666 Tum
442 1605 585 1667 Servilius
599 1612 754 1680 „quantus
765 1602 931 1680 imperator
941 1606 974 1666 L.
986 1607 1088 1666 Aemi-

110 1691 169 1750 lius
192 1689 295 1763 luerit,
318 1688 463 1762 QuiriteS,
486 1690 512 1748 si
534 1705 572 1748 ex
594 1689 653 1748 alia
667 1705 701 1748 re
715 1688 798 1750 nulla
812 1689 966 1750 aestimari
979 1689 1088 1764 possit,

109 1775 160 1832 vel
175 1774 235 1834 hoc
250 1773 325 1836 satis
340 1780 413 1846 erat,
430 1773 514 1846 quod
529 1789 599 1834 oum
613 1781 672 1832 tam
690 1771 856 1832 seditiosos
873 1780 903 1832 et
916 1774 1001 1832 leves
1013 1773 1089 1832 mili-

111 1865 172 1930 ωε,
198 1863 259 1916 tam
279 1856 427 1928 nobilem,
452 1863 513 1916 tam
534 1855 742 1929 temerarium,
768 1862 828 1914 tam
841 1856 1035 1930 eloquentem
1049 1856 1089 1914 ad

112 1939 314 2013 instigandam
341 1939 560 2000 multitudinem
585 1938 738 1999 inimicum
766 1937 928 1999 incastris
951 1937 1088 2011 haberet,

112 2024 225 2083 nullam·
248 2024 278 2082 in
306 2022 442 2084 exercitu
468 2023 649 2083 seditionem
670 2021 783 2082 habult.
812 2022 919 2082 eadem
941 2023 1089 2082 severitas

112 2107 247 2181 imperii,
268 2121 361 2182 quam
382 2122 463 2166 nrrnc
486 2106 629 2179 oderunt,
650 2111 722 2165 tunc
737 2121 792 2166 eos
807 2103 965 2166 continuit.
988 2105 1090 2178 itaque

112 2191 237 2265 antiqua
258 2189 420 2264 disciplina
441 2188 535 2250 habiti
550 2187 583 2225 **
598 2204 699 2264 neque
714 2189 860 2248 lecerunt.
883 2186 949 2248 Ser.
967 2187 1090 2262 quidem

111 2275 217 2348 Galba,
232 2275 259 2334 si
275 2274 304 2332 in
320 2273 353 2332 L.
368 2272 461 2333 Paulo
478 2271 656 2334 accusando
671 2271 841 2331 tirocinium
858 2285 975 2346 ponere
989 2278 1020 2329 et
1035 2269 1089 2329 do·

110 2365 285 2418 cementum
301 2356 495 2432 eloquentiae
510 2355 584 2416 dare
598 2354 702 2428 voluit,
719 2370 780 2415 non
794 2353 980 2430 triumphum
994 2354 1089 2428 impe

110 2442 177 2501 dire
198 2441 317 2514 debuit,
349 2455 454 2514 quern,
484 2440 510 2499 si
530 2439 604 2499 nihil
624 2437 720 2511 aliud,
751 2445 876 2499 senatus
892 2439 1003 2498 iustum
1017 2453 1090 2498 esse

110 2525 314 2599 iudicaverat,
330 2524 387 2585 sed
403 2529 529 2599 postero
544 2523 594 2582 die
610 2538 699 2598 quam
715 2521 931 2596 triumphatum
947 2530 1007 2592 est,
1029 2522 1088 2597 pri-

110 2614 213 2668 vatum
229 2623 297 2680 curn
312 2609 435 2668 visurus
450 2613 541 2679 esset,
560 2621 671 2668 nomen
683 2605 815 2666 deterret
826 2611 856 2664 et
866 2604 986 2680 legibus
998 2606 1088 2665 inter-

110 2697 249 2765 rogaret,
272 2697 324 2751 aut
338 2691 561 2764 serius‘paulo,
581 2705 652 2750 cum
666 2690 797 2764 primum
810 2689 1005 2762 magistratus
1020 2689 1089 2764 ipse

111 2773 262 2850 cepisset,
285 2773 364 2833 diem
378 2772 506 2848 diceret,
529 2773 683 2832 inimicum
698 2772 738 2831 ad
753 2771 902 2847 populum
918 2777 1087 2831 accusaret.

110 2864 153 2917 tta
173 2863 204 2917 et
221 2856 351 2932 pretium
371 2861 453 2918 recte
475 2857 546 2916 iacti
566 2855 753 2930 triumphum
773 2854 900 2914 haberet
920 2854 952 2913 L.
974 2853 1087 2913 Paulus

111 2957 168 3016 pro
194 2940 316 3016 egregie
335 2939 417 3000 bello
438 2947 542 3015 gesto,
570 2945 600 3000 et
621 2954 767 3014 poenam,
793 2938 819 2997 si
841 2937 915 3012 quid
935 2945 965 2996 et
984 2943 1088 2997 vetere

5 3051 7 3102 3
111 3024 210 3098 gloria
231 3039 289 3085 sua
309 3030 338 3084 et
358 3039 438 3083 nova
457 3022 615 3100 indignum
629 3017 765 3082 lecisset
786 3021 843 3081 sed
857 3021 1014 3094 videlicet,
1039 3021 1089 3081 cui

5 3147 7 3180 z
111 3107 227 3166 crimen
246 3107 374 3181 nullum,
396 3108 510 3168 nullum
525 3107 669 3182 probrum
684 3105 786 3166 dicere
800 3111 935 3181 poterat,
951 3105 1017 3164 eius
1034 3105 1086 3164 ob·

5 3187 7 3244 l
110 3195 244 3250 trectare
261 3190 368 3249 landes
394 3191 497 3250 voluit.
533 3192 613 3250 diem
640 3190 788 3265 integrum
808 3188 953 3249 hesterno
978 3187 1088 3247 dicad

5 3299 7 3358 ς
111 3272 373 3334 accusandumL.
394 3272 520 3334 Paulum
533 3275 633 3350 petiit;
655 3280 797 3352 quattuor
811 3271 920 3345 horas,
942 3276 1088 3344 quantum

5 3359 7 3444 ξ
111 3364 274 3432 supererat
288 3355 356 3429 diei,
373 3355 505 3418 dicendo
519 3357 697 3433 absumpsit.
712 3356 780 3432 quis
796 3370 940 3430 umquam
956 3361 1018 3412 tam
1031 3367 1087 3412 no-

6 3463 7 3504 1
110 3455 185 3500 cens
205 3456 278 3501 reus
300 3440 368 3513 tuit,
391 3439 478 3500 cuius
500 3437 572 3500 vitia
594 3440 673 3500 vitae
694 3447 739 3500 tot
759 3438 843 3499 horis
864 3435 1002 3511 expromi
1024 3449 1085 3495 non

152 3540 177 3581 τ.
193 3539 255 3582 nrvr
270 3539 344 3584 nans
359 3525 397 3582 V.
849 3526 881 3580 19
