2574 3954
330 207 783 276 matriniacensem.
806 215 842 282 [a.
855 213 888 266 ι.
905 214 966 281 rsa]
1072 199 1136 280 att

158 377 246 436 esse,
259 359 355 421 unde
375 358 416 418 ad
437 374 570 434 pugnam
591 359 724 434 exirent,
752 375 813 437 quo
835 360 936 422 iactati
955 369 1138 438 tempestate

155 459 280 523 pugnae
291 450 450 517 receptum
461 442 621 503 haberent
631 441 701 502 tdeo
713 458 782 503 curn
793 443 986 505 munimentis
997 460 1036 505 ea
1047 462 1137 524 saep

151 530 281 602 sissent,
296 525 451 602 praesidio
466 541 591 612 quaque
605 526 708 587 valido
723 525 898 601 firmabant,
921 528 1005 613 quod
1021 531 1073 604 qui
1087 546 1138 591 ca-

157 613 229 675 stris
241 617 353 672 exutus
365 616 437 683 erat,
450 605 569 670 etiamsi
579 610 746 684 pugnando
757 609 825 670 acie
835 610 972 685 vicisset,
987 628 1052 687 pro
1055 615 1137 675 victo

146 696 328 765 haberetur.
352 699 453 766 castra
468 699 540 753 sunt
552 692 662 762 victori
676 695 915 769 receptaculum,
937 696 1018 757 victo
1034 699 1138 772 perlu-

146 781 247 855 ,giam
266 793 358 854 quam
380 777 465 837 mulli
480 774 648 849 exereitus,
672 775 784 853 quibus
798 777 908 850 minus,
914 794 1067 855 prospera
1079 797 1136 857 pu·

155 877 235 938 gnae
254 862 377 922 fortuna
398 859 466 934 luit,
491 859 570 921 intra
589 860 703 921 vallum
724 862 890 936 compulsi,
915 868 1053 938 tempore
1068 880 1137 940 suo,

154 946 307 1007 interdum
321 951 474 1004 momento
492 949 571 1020 post,
586 943 748 1020 eruptione
761 946 842 1016 lacta
854 943 1001 1006 victorem
1010 945 1138 1017 ‚hostem

154 1029 360 1106 pepulerunt?
380 1027 480 1102 patria
493 1029 588 1088 altera
598 1034 647 1088 est
656 1027 793 1098 militaris
803 1027 881 1090 haee
893 1030 994 1104 sedeS,
1007 1031 1137 1102 ¹vallum-

157 1129 219 1190 que
233 1127 289 1189 pro
305 1110 522 1184 moenibus,et
532 1111 692 1172 tentorium
703 1127 793 1183 suunt
804 1110 917 1188 cuique
928 1112 1013 1174 militi
1025 1113 1137 1174 demus

155 1211 192 1257 ac
213 1201 341 1272 penates
362 1201 443 1256 sunt.
472 1195 539 1255 sine
562 1195 623 1255 ulla
643 1195 718 1256 sede
738 1195 809 1270 vagi
829 1196 1080 1273 dimicassemus,
1104 1206 1138 1259 ut

156 1297 219 1356 quo
240 1277 376 1348 victores
397 1294 457 1340 nos
476 1279 707 1353 reciperemus?
730 1278 778 1338 his
793 1278 1023 1340 difficultatibus
1038 1287 1069 1341 et
1082 1283 1136 1352 irn-

154 1363 339 1440 pedimentis
362 1375 485 1438 pugnae
506 1360 582 1421 illud
604 1361 780 1437 opponitur.
811 1360 886 1437 quid
908 1364 935 1422 si
955 1362 1056 1424 hostis
1077 1363 1136 1424 hac

146 1447 335 1524 ¹interposita
354 1453 445 1506 noete
466 1444 604 1506 abisset?
625 1452 770 1522 quantum
792 1461 900 1506 narsus
922 1447 1136 1521 sequendaeo

146 1529 277 1607 ¹penitus
298 1531 335 1600 ¹in
361 1529 496 1590 ultimam
516 1527 729 1591 Macedoniarn
756 1528 998 1602 exhauriendum
1014 1531 1136 1602 ¹labaris

154 1622 234 1676 erat!
256 1629 314 1690 ego
336 1619 437 1678 antem
456 1628 557 1688 neque
576 1629 753 1674 mansurum
774 1629 844 1675 eum
864 1628 966 1690 neque
980 1612 1017 1684 ,in
1039 1615 1137 1686 aciem

154 1700 263 1776 copias
284 1699 465 1760 educturum
487 1697 585 1757 luisse
606 1704 722 1758 certum
742 1697 860 1773 habeo,
884 1697 912 1768 si
932 1697 1045 1758 cedere
1066 1697 1137 1757 hine

154 1782 322 1845 statuisset.
356 1789 470 1858 quanto
485 1781 572 1841 enim
592 1780 711 1841 iaailius
734 1781 818 1841 abire
839 1781 909 1854 luit,
935 1797 1005 1841 cunr
1028 1781 1137 1854 procul

155 1866 354 1949 abessemus,
378 1880 469 1940 quam
491 1879 588 1938 nune,
610 1873 679 1924 curn
693 1863 725 1924 in
740 1863 912 1924 cervicibus
929 1870 1059 1924 sumus?
1079 1879 1137 1924 nee

155 1951 274 2011 falleret
292 1965 350 2010 nos
370 1947 502 2009 interdiu
522 1952 574 2009 aut
593 1955 684 2010 noete
704 1947 857 2009 abeundo.
885 1947 960 2023 quid
974 1956 1076 2010 autern
1089 1953 1138 2017 est

155 2032 247 2094 nobis
268 2031 403 2109 optatius
423 2048 513 2108 quum
532 2038 566 2092 ιιι
586 2047 716 2106 quorum
736 2037 837 2092 eastra
849 2033 986 2107 praealta
1000 2030 1137 2093 fluminis

156 2117 223 2194 ripa
235 2122 308 2192 tuta,
329 2116 411 2178 valle
425 2115 553 2191 insuper
566 2122 675 2191 saepta
688 2130 725 2175 ae
740 2115 855 2175 crebris
869 2115 1015 2186 turribus,
1038 2130 1136 2190 oppu-

155 2215 251 2276 gnare
263 2199 361 2261 adorti
373 2214 490 2272 sumus
502 2213 557 2258 eos
568 2198 657 2259 relie
657 2199 683 2257 is
692 2197 885 2257 munimentis
887 2197 1136 2272 ,agmineeliuso

155 2284 336 2355 abeuntes
327 2300 358 2344 tn
378 2281 552 2360 patentibus
575 2282 692 2356 campis
707 2281 746 2340 ab
760 2286 847 2356 tergo
863 2281 1060 2342 adoriamur?
1079 2279 1138 2350 hae

157 2367 269 2428 dilatae
283 2383 408 2443 pugnae
422 2381 462 2426 ex
475 2364 622 2426 hesterno
637 2363 709 2425 die
702 2381 731 2423 ιιι
746 2363 928 2424 hodiernum
943 2379 1057 2425 causae
1071 2364 1137 2436 lue-

154 2460 234 2514 runt.
257 2467 396 2527 pugnare
410 2449 490 2510 enirn
505 2449 557 2510 et
548 2465 609 2526 rpsr
600 2448 696 2512 nihi
710 2437 826 2524 placet}
849 2454 881 2508 et
892 2447 973 2522 ideo,
996 2445 1068 2522 quia
1081 2459 1138 2524 per

154 2534 306 2612 Enipeum
327 2550 446 2596 amnem
468 2539 576 2610 saepta
597 2532 637 2593 ad
656 2533 777 2594 hostem
798 2532 850 2592 via
870 2539 949 2606 erat,
971 2531 1032 2593 alio
1048 2531 1137 2602 saltu,

156 2618 285 2680 deiectis
305 2617 438 2679 hostium
460 2617 641 2694 praesidiis,
666 2633 780 2679 novum
800 2616 858 2676 iter
877 2614 1001 2692 aperui;
1034 2628 1137 2691 neque

155 2703 338 2778 priusquam
353 2700 548 2762 debellavere
564 2699 741 2760 absistamf‘

240 2784 302 2845 XL
323 2783 397 2845 Post
414 2781 495 2843 hanc
515 2783 683 2844 orationem
704 2781 855 2842 silentium
869 2781 938 2853 fuit,
956 2779 1064 2877 partim
1077 2787 1137 2840 tra-

156 2867 288 2932 ductis
279 2884 310 2928 ιιι
326 2866 508 2930 sententiam
522 2867 604 2942 eius,
625 2865 734 2940 partim
753 2863 929 2924 verentibus
950 2861 1137 2940 nequiquam

157 2951 347 3016 offendere
339 2969 370 3012 ιιι
391 2966 428 3012 ιο
450 2950 535 3027 quod
555 2956 720 3025 utcumque
735 2944 984 3023 praetermissum
998 2947 1137 3018 revocari

156 3053 218 3098 non
241 3043 359 3114 posset
389 3051 425 3096 ac
447 3050 486 3096 ne
506 3033 587 3095 illo
578 3048 647 3110 ipso
670 3031 794 3109 quidem
815 3032 865 3092 die
886 3038 938 3092 aut
952 3031 1072 3092 consuli
1087 3037 1138 3091 aut

156 3120 223 3216 regi
236 3136 379 3198 pappare
388 3121 519 3198 placuit,
539 3135 606 3194 repa
602 3118 706 3216 quod
721 3132 779 3177 nee
793 3117 911 3190 fessae,
926 3121 958 3176 ut
974 3115 1083 3192 pridie,
1099 3129 1137 3173 ex

156 3204 207 3263 via
221 3220 322 3281 neque
335 3203 549 3280 trepidantes
540 3219 571 3262 tn
592 3202 658 3262 acie
673 3200 856 3262 instruenda
870 3208 899 3262 et
912 3199 1040 3260 vixdum
1055 3212 1137 3257 ιοιιι

156 3287 277 3363 positos
292 3287 496 3364 adgressurus
512 3292 591 3346 erat·
620 3285 754 3359 consuli,
778 3284 884 3360 quod
876 3301 906 3344 ιιι
921 3282 1010 3344 novis
1027 3279 1137 3340 eastris

156 3387 220 3432 non
234 3371 326 3448 ligna,
340 3386 403 3432 non
418 3370 563 3446 pabulum
580 3374 760 3430 convectum
771 3375 845 3442 erat,
860 3367 992 3441 adquae
1002 3360 1138 3439 petenda

156 3472 196 3516 ex
213 3453 394 3532 propinquis
409 3451 491 3528 agris
505 3467 616 3528 magna
630 3467 702 3529 pars
716 3451 844 3512 militum
859 3448 997 3510 ecastris
1008 3444 1137 3506 exierat
