2592 3964
180 241 222 305 04
348 241 538 303 tranant.
563 239 645 300 can.
660 247 764 302 aaa.
785 243 991 317 [abesto]

180 398 265 458 caelo
282 403 401 456 tactam.
431 394 469 456 ob
486 410 523 454 ea
538 393 679 471 prodigia
692 391 797 468 viginti
812 390 922 453 hostiis
933 387 1099 450 maioribus
1111 405 1161 450 sa·

180 482 345 542 crificatum
361 487 408 540 est
422 487 451 539 et
465 479 546 540 diem
560 495 654 539 unum
668 477 851 554 supplicatio
866 475 931 537 luit.

264 565 322 624 Per
336 578 392 624 eos
407 562 475 623 dies
496 578 536 623 ex
557 561 663 624 litteris
678 562 716 621 Α.
730 559 862 622 Terentii
883 557 1094 636 propraetoris
1109 572 1160 618 co·

180 651 293 724 gnitum
307 647 339 706 Ρ.
355 645 569 723 Sempronium
590 647 621 707 in
645 645 786 706 ulteriore
805 643 979 721 provincia,
1002 658 1070 703 cum
1090 642 1160 719 plus

180 739 292 793 anuum
311 746 404 806 aeger
421 731 545 805 luisset,
563 736 714 791 mortuum
730 745 812 790 esse.
841 743 879 788 eo
899 725 1047 787 maturius
1062 726 1092 786 10
1107 724 1159 786 lll-

181 817 320 893 spaniam
333 821 493 893 praetores
507 813 584 876 iussi
598 813 735 890 profisci.

262 900 446 976 Legationes
462 898 573 959 deinde
588 898 808 958 transmarinae
823 896 854 956 in
869 902 1008 957 senatum
1024 894 1159 957 introdu-

180 994 247 1046 ctae
266 991 352 1058 0001,
369 983 467 1060 prime
479 981 624 1043 Eumenis
640 987 670 1042 et
685 980 851 1041 Pharnacis
862 995 967 1055 regom
979 987 1009 1040 61
1022 976 1160 1038 Rhodio·

180 1085 248 1134 rum
264 1067 453 1144 querentium
469 1066 507 1126 de
523 1065 741 1142 Sinopensium
757 1064 854 1124 clade.
882 1061 1013 1139 Philippi
1035 1077 1161 1137 quoque

181 1153 271 1228 legati
286 1157 317 1211 et
329 1151 523 1211 Achaeorum
539 1157 569 1209 et
581 1147 895 1210 Lacedaemoniorum
910 1145 968 1207 sub
987 1146 1069 1206 idem
1086 1153 1161 1206 tem-

181 1251 241 1312 pus
257 1242 413 1294 venerunt.
442 1233 481 1294 iis
496 1235 581 1309 prius
595 1233 711 1294 Marcio
733 1231 853 1305 audito,
875 1231 927 1307 qui
946 1230 1052 1291 adres
1068 1229 1161 1290 Grae·

181 1319 247 1379 aiae
260 1317 523 1394 Macedoniaeque
537 1317 683 1378 visendas
696 1315 811 1376 missus
826 1322 1074 1390 erat‚responsa
1090 1314 1161 1374 data

181 1411 260 1464 sunt.
288 1402 382 1463 Asiae
396 1400 520 1477 regibus
535 1417 572 1461 ac
586 1401 715 1462 Rhodiis
729 1415 913 1476 responsum
928 1405 976 1459 est
990 1400 1109 1474 legatos
1121 1397 1162 1458 ad

181 1503 235 1548 eas
260 1503 311 1547 res
335 1484 483 1547 visendas
508 1494 646 1548 senatum
672 1485 845 1545 missurum.
890 1483 940 1542 lll.
959 1481 998 1543 de
1018 1481 1160 1558 Philippo

181 1586 285 1632 auram
301 1576 427 1631 auxerat
440 1569 589 1630 Marciusa
611 1585 680 1629 nam
702 1569 743 1628 ila
765 1567 877 1628 iecisse
892 1581 962 1627 eum
977 1581 1056 1641 quae
1071 1581 1160 1626 sena-

181 1655 222 1715 tui
238 1653 426 1730 placuissent
441 1651 605 1728 fatebatur,
627 1660 660 1714 01
683 1652 771 1714 facile
793 1657 956 1729 appareret
971 1666 1031 1711 000
1048 1649 1160 1733 diutius

182 1755 274 1814 quam
289 1751 420 1798 necesse
435 1733 520 1798 esset
534 1737 693 1798 iacturum.
722 1752 823 1812 neque
845 1737 1011 1796 obscurum
1033 1742 1098 1797 erat
1111 1750 1159 1794 re·

181 1823 376 1897 bellaturum,
402 1820 567 1896 omniaque
594 1838 674 1896 quae
699 1827 771 1882 tunc
795 1827 899 1896 ageret
925 1819 1101 1894 diceretque
1122 1835 1160 1880 00

103 1908 105 1912 ‘
181 1913 331 1981 spectare.
361 1906 420 1966 iam
437 1905 566 1982 primum
582 1920 702 1967 omnem
724 1906 787 1964 lere
807 1904 1027 1965 multitudinem
1048 1902 1160 1965 civium

129 1985 167 2022 ‘²
181 2007 220 2050 ex
235 1989 390 2051 maritimis
419 1989 588 2051 civitatibus
614 2005 682 2050 cum
709 1987 830 2049 familiis
854 1989 920 2050 suis
946 1987 976 2047 in
992 1986 1160 2047 Emathiam

182 2089 261 2148 quae
276 2089 356 2134 0000
371 2071 494 2146 dicitur,
514 2074 668 2149 quondam
690 2073 843 2148 appellata
863 2071 996 2132 Paeonia
1016 2077 1078 2143 601,
1099 2076 1157 2130 tra·

181 2157 281 2232 duxit,
296 2159 526 2233 Thracibusque
538 2164 568 2218 el
583 2157 650 2218 aliis
672 2156 809 2216 barbaris
823 2156 915 2217 urbes
933 2154 1057 2216 tradidit
1074 2153 1160 2214 habl-

182 2242 306 2316 landaS,
324 2242 435 2302 fidiora
456 2241 533 2302 bace
553 2257 667 2318 genera
688 2240 844 2300 hominum
866 2241 932 2301 lore
953 2239 1156 2300 0010010110-

181 2341 271 2385 mano
286 2324 377 2385 bello.
406 2327 556 2399 ingentem
575 2341 612 2385 ea
625 2341 675 2386 res
693 2326 841 2386 fremitum
856 2323 886 2384 in
901 2324 1083 2384 Macedonia
1097 2330 1160 2384 tota

182 2409 269 2482 lecit,
286 2407 554 2483 relinquentesque
569 2416 696 2484 penates
712 2425 787 2469 suos
801 2425 869 2469 cum
885 2406 1066 2482 coniugibus
1077 2421 1113 2466 ac
1125 2405 1159 2464 li·-

181 2492 263 2552 beris
272 2491 852 2568 00001100110101101006000000001000
868 2491 1160 2564 exsecrationesque

181 2575 211 2636 in
228 2575 397 2652 agminibus
412 2576 668 2651 proficiscentium
684 2577 714 2637 in
729 2592 831 2651 regem
851 2576 993 2637 uincente
1007 2574 1079 2636 odio
1095 2587 1156 2632 me·

183 2665 245 2721 lum
270 2659 520 2721 exaudiebantur.
550 2659 597 2720 his
619 2661 707 2720 lerox
732 2660 850 2721 animus
876 2675 983 2720 omnes
1009 2656 1158 2733 homines,

182 2742 284 2803 omnia
302 2746 372 2804 loca
388 2749 588 2820 temporaque
603 2752 748 2818 suspecta
764 2743 904 2804 habebat.
932 2749 1087 2818 postremo
1106 2756 1158 2801 ne*

180 2844 253 2904 gare
268 2830 424 2904 propalam
441 2828 541 2904 coepit
556 2827 630 2888 satis
647 2834 740 2888 tutum
752 2827 810 2888 sibi
823 2827 987 2902 quicquam
1003 2841 1083 2895 esse,
1099 2823 1158 2884 uisi

180 2912 293 2972 liberos
314 2928 420 2972 eorum
436 2928 515 2986 quos
529 2911 731 2974 interfecisset
753 2910 993 2987 comprehensos
1009 2908 1038 2966 in
1055 2913 1156 2967 custo·

182 2995 232 3056 dia
246 2995 371 3055 haberet
386 3001 416 3054 61
429 3002 567 3071 tempore
580 2995 672 3056 alium
687 2996 746 3055 alio
762 2996 889 3055 tolleret.
932 2993 984 3051 IV.
1007 3007 1074 3051 eam
1088 3005 1156 3050 cru·

181 3079 349 3154 delitatem,
365 3079 485 3139 foedam
503 3095 557 3155 per
572 3095 621 3152 se,
638 3080 806 3140 foediorem
821 3077 909 3137 unios
925 3076 1036 3136 domus
1052 3073 1157 3135 clades

181 3160 260 3221 lecit.
289 3161 472 3224 Herodicum
490 3162 655 3239 principem
673 3161 888 3224 Thessalorum
903 3160 1005 3221 multis
1021 3168 1091 3220 ante
1106 3175 1157 3219 an·

181 3246 228 3305 nis
244 3245 413 3316 occiderat3
430 3262 561 3322 generos
578 3262 702 3323 quoque
723 3246 789 3306 eius
810 3251 919 3320 postea
934 3243 1092 3303 interiecit.
1127 3242 1155 3304 10

182 3329 325 3391 viduitate
344 3330 467 3390 relictae
488 3330 569 3390 illiue
592 3331 730 3406 singulos
752 3329 834 3390 illios
855 3344 970 3404 parvos
995 3326 1142 3387 habentes

180 3414 345 3476 Theoxena
360 3421 390 3474 et
410 3414 513 3474 Archo
537 3415 659 3474 nomina
680 3413 716 3473 iis
737 3418 823 3474 erant
843 3411 1030 3473 mulieribus.
1058 3409 1154 3469 Theo«

179 3511 259 3558 xena
274 3499 372 3559 inultis
389 3499 559 3575 petentibus
575 3505 739 3574 aspernata
753 3497 874 3575 nuptias
890 3503 951 3557 est=
980 3493 1082 3554 Archo
1100 3491 1159 3554 Po-
