2592 3964
193 197 238 264 24
334 199 450 261 ullslllt
464 199 595 260 xxxix.
619 199 701 259 cnr.
717 207 817 264 rear.
841 205 877 274 [a.
890 205 925 258 υ.
939 223 962 259 0.
973 207 1038 273 cer}

194 351 308 428 quibus
323 349 363 411 illi
379 355 479 426 agant,
498 349 662 410 civitatium
677 363 802 430 oausam
816 365 897 412 esse.
931 354 1091 414 consulem
1105 353 1176 414 ,doi-

193 436 266 496 lium
281 441 312 494 et
320 435 476 495 Romanos
493 433 551 494 sibi
566 433 692 494 dedisse
706 449 769 508 eas,
785 447 854 497 oum
868 433 1002 497 hostium
1018 443 1133 497 essent.
1149 435 1177 496 si

194 534 283 580 suum
293 533 404 578 munus
416 517 469 593 qui
480 516 640 579 dedissent
650 515 783 580 adimere
795 518 897 592 velim,
912 518 993 580 scire
1005 521 1177 581 cedendum

193 618 282 664 esses
305 601 362 662 sed
382 600 500 662 meliori
520 607 550 660 et
565 600 696 662 fideliori
716 601 814 662 amico
831 601 860 662 in
879 602 1006 677 gratimn
1021 603 1134 664 levium
1148 610 1179 663 et

192 683 342 747 inutilium
362 683 518 746 sociorum
537 683 675 747 iniuriam
689 699 745 746 eos
760 699 833 746 esse
846 686 991 747 lecturos.
1024 687 1177 748 necerim

192 769 282 831 ullius
302 768 348 830 rei
368 768 467 842 minus
488 767 661 831 diuturnam
681 783 753 830 esse
773 770 901 844 gratiam
916 782 1007 846 quem
1021 770 1178 845 libertatis,
1288 781 1289 810 l

190 851 373 929 praesertim
387 853 471 929 apud
485 868 542 914 eos
558 851 611 928 qui
625 851 704 913 maie
716 852 831 914 utendo
844 868 911 913 eam
924 853 1096 930 corrupturi
1108 855 1177 914 sint.

192 951 288 998 causa
302 937 424 1012 cognita
437 937 712 1014 pronuntiaverunt
725 935 816 1012 legati
831 938 952 1013 placere
966 938 1077 999 deduci
1089 952 1178 1012 prae·
1288 975 1289 998 t

191 1020 272 1081 sidia
285 1019 489 1081 Macedonum
510 1035 551 1080 ex
567 1019 605 1080 iis
621 1020 764 1096 urbibus,
787 1027 817 1080 et
830 1020 964 1097 antiquis
978 1021 1178 1082 Macedoniae
1288 1041 1289 1090 3

191 1103 328 1165 terminis
341 1118 470 1178 regnum
485 1102 575 1166 liniri.
599 1104 638 1165 do
651 1103 769 1166 iniuriis
785 1120 863 1180 quas
876 1105 955 1167 ultro
965 1105 1103 1181 citroque
1113 1103 1178 1164 illa·

191 1194 240 1248 tas
262 1193 443 1262 querantur,
466 1203 528 1263 quo
549 1188 643 1248 modo
658 1188 804 1248 intereas
822 1195 930 1264 gentes
945 1195 976 1248 et
989 1187 1178 1250 Macedonas

193 1271 398 1348 disceptetur,
427 1271 686 1348 lormulamiuris
711 1272 904 1347 exsequendi
933 1271 1176 1336 constituendam
1288 1355 1289 1358 Ἴ

191 1369 273 1415 0880.

190 1524 442 1598 cognoscendum
458 1523 497 1582 de
510 1522 657 1584 Thraciae
671 1523 798 1583 urbibus
812 1523 1058 1598 proficiscuntur.
1081 1522 1121 1585 ibi
1135 1524 1178 1583 ie·

188 1606 251 1680 gali
264 1604 428 1677 Eumenis,
450 1605 478 1666 si
498 1606 611 1666 liberas
632 1621 704 1667 esse
716 1608 837 1666 Aenum
853 1612 883 1666 et
895 1606 1071 1668 Maroneam
1086 1605 1180 1666 velint
1288 1651 1289 1688 ,

188 1688 335 1762 Romani,
357 1688 431 1749 nihil
452 1689 501 1749 sui
520 1689 649 1765 pudoris
670 1704 742 1750 esse
756 1690 836 1752 ultra
850 1689 954 1752 dicere
969 1706 1061 1767 quam
1076 1697 1109 1750 ut
1125 1689 1178 1752 ad·
1288 1723 1289 1770 3

189 1779 350 1845 moneant,
364 1785 415 1847 re,
431 1788 493 1834 non
508 1772 603 1849 verbo
619 1787 675 1836 eos
689 1771 804 1835 liberos
818 1772 1001 1848 relinquant,
1016 1789 1074 1834 nec
1088 1789 1178 1833 suum

76 1878 77 1882 ¹
189 1872 300 1917 munus
321 1856 460 1934 intercipi
482 1856 520 1918 ab
542 1857 602 1917 alio
618 1857 778 1933 patiantur.
812 1858 975 1918 sinautem
990 1855 1090 1918 minor
1105 1873 1177 1918 cura
1288 1853 1289 1918 ]

191 1940 232 2002 sit
252 1941 418 2004 civitatium
439 1941 469 2000 in
490 1940 618 2001 Thracia
642 1940 826 2016 positarum,
853 1942 947 2004 multo
971 1939 1075 2003 verius
1096 1956 1179 2014 esse,

190 2039 270 2100 quae
284 2024 342 2084 sub
357 2023 510 2086 Antiocho
525 2025 651 2099 inerint,
666 2024 802 2099 praemia
815 2025 887 2086 belli
899 2024 1068 2086 Eumenem
1084 2041 1178 2100 quam

187 2105 362 2184 Philippum
376 2106 499 2182 habere,
514 2109 565 2168 vel
578 2124 635 2184 pro
646 2109 742 2184 patris
752 2108 847 2170 Attali
858 2107 972 2171 meritis
984 2108 1075 2183 bello,
1091 2110 1176 2184 quod

187 2191 340 2270 adversus
351 2191 525 2268 Philippum
539 2191 641 2268 ipsum
655 2193 788 2268 gesserit
798 2192 932 2269 populus
944 2193 1112 2267 Romanae,
1127 2195 1178 2254 vel

186 2275 262 2347 suis,
283 2275 368 2351 quod
382 2275 526 2338 Antiochi
541 2275 621 2336 bello
636 2282 719 2338 terra
732 2275 871 2351 marique
884 2276 1042 2338 laboribus
1057 2275 1178 2352 pericu·

187 2357 290 2434 lisque
311 2358 452 2420 omnibus
475 2358 654 2420 interfuerit
681 2357 796 2420 habere
811 2375 881 2420 eum
896 2367 1055 2434 praeterea
1069 2361 1178 2420 dacem

187 2442 357 2516 legatorum
372 2442 403 2503 in
425 2457 493 2502 eam
511 2457 578 2503 rem
596 2442 832 2517 praeiudicium,
854 2444 991 2517 quicum
1008 2442 1178 2504 Chersone·

188 2539 257 2585 sum
272 2523 561 2603 Lysimachiamque
576 2526 732 2600 dederint,
749 2525 928 2588 Maroneam
944 2543 1069 2604 quoque
1084 2534 1178 2602 atquc

186 2609 307 2669 Aenum
323 2609 463 2684 proiecto
478 2609 614 2685 dedisse,
630 2625 709 2686 quae
720 2611 791 2685 ipsu
802 2611 1029 2687 propinquitate
1040 2611 1177 2688 regionis

187 2693 273 2752 velut
287 2691 477 2768 appendices
493 2692 617 2754 maioris
632 2696 768 2756 muneris
783 2701 898 2756 essent.
920 2711 990 2755 nam
1004 2693 1178 2770 Philippum

187 2774 311 2851 quidem
329 2791 391 2851 quo
405 2783 458 2838 aut
472 2776 578 2840 merito
594 2778 624 2840 in
639 2779 785 2855 populum
795 2780 967 2842 Romanum
982 2784 1034 2840 aul
1045 2780 1110 2842 iure
1122 2779 1177 2837 im-

187 2859 274 2934 perii,
291 2875 361 2921 oum
377 2866 436 2922 tam
451 2864 559 2936 procul
574 2878 592 2921 a
605 2861 718 2923 linibus
729 2861 930 2924 Macedoniae
945 2862 1055 2938 absint,
1072 2863 1177 2923 civita-

274 1437 396 1500 XXVll.
415 1439 492 1500 Inde
511 1439 645 1514 graviter
659 1438 780 1500 offenso
795 1453 869 1514 rege
883 1438 1122 1500 Thessalonicen
1137 1439 1175 1503 ad
1288 1393 1289 1466 l

188 2943 270 3004 libus
290 2942 339 3004 his
361 2944 517 3018 praesidia
537 2944 747 3021 imposuisset
777 2948 882 3008 vocari
902 2945 1070 3008 Maronitas
1090 2945 1177 3006 iube·
1289 2969 1290 2984 ¹

185 3032 269 3086 rent=
291 3026 329 3086 ab
350 3025 389 3087 iis
406 3027 536 3089 certiora
550 3029 653 3090 omnia
666 3031 705 3090 de
720 3038 802 3091 statu
816 3030 980 3091 civitatium
996 3046 1100 3090 earum
1116 3029 1176 3092 sci·

186 3124 283 3170 turos.
319 3110 411 3184 legati
431 3111 648 3174 Maronitarum
674 3114 775 3175 vocati
800 3131 862 3176 non
887 3130 949 3176 uno
970 3115 1040 3175 loco
1061 3121 1177 3174 tantum

186 3191 274 3255 urbis
294 3193 482 3271 praesidium
503 3197 621 3272 regium
643 3213 729 3271 esse,
750 3199 831 3260 siout
850 3198 880 3259 in
901 3196 969 3258 aliis
991 3197 1176 3269 civitatibus,

187 3275 344 3351 dixerunt,
365 3279 424 3339 sed
439 3279 577 3355 pluribus
593 3281 697 3355 simul,
713 3287 743 3342 et
756 3283 878 3359 plenem
892 3281 1096 3342 Macedonum
1110 3279 1177 3340 Ma·

185 3377 314 3428 roueam
335 3377 417 3424 esse.
450 3363 554 3439 itaque
574 3365 723 3428 dominari
745 3366 957 3429 adsentatores
977 3365 1096 3441 regios:
1125 3363 1176 3423 his
1233 3425 1235 3430 ,

184 3442 265 3507 soils
279 3446 366 3523 loqui
380 3453 410 3510 et
420 3446 450 3507 in
463 3454 572 3510 senatu
584 3447 655 3509 etin
668 3449 861 3510 contionibus
874 3450 982 3518 licere;
998 3463 1054 3512 eos
1067 3461 1175 3511 omnes
