2574 3954
203 187 267 274 254
416 207 631 268 tmnnxnv.
655 207 737 268 oar.
753 215 778 266 t.
795 210 990 280 [acuam]

252 361 418 426 contingeret,
438 357 546 408 duorum
571 355 683 408 illiorum
705 355 836 408 funeribus
857 357 981 423 insignita
1001 364 1054 417 est;
1076 371 1186 420 quornm

196 425 201 432 “
254 428 359 480 alterius
377 441 446 478 mors
464 424 621 492 triumphum
635 426 716 492 patris
735 425 884 492 praecessit,
902 424 1008 477 alterins
1025 434 1114 477 secuta
1136 434 1185 478 aet.

253 497 362 550 laeuam
373 495 505 547 conditum
517 503 577 545 esta
588 494 751 546 censoribus:
773 508 850 545 censa
861 502 920 547 sunt
931 495 1026 547 ciuium
1037 494 1123 560 capita
1133 501 1196 545 tre..

252 573 326 617 centa
341 565 476 617 duodecim
493 562 580 624 milia,
608 564 754 630 octingenta
767 564 908 629 nonaginta
925 564 1045 628 quinque.
1077 563 1186 614 Prusias

251 633 385 701 Bithyniae
397 632 566 692 rexllomam,
587 639 615 682 nt
636 633 735 695 sepattd
754 631 925 696 gratularetur
944 634 977 684 ob
995 632 1129 684 victoriam
1152 647 1187 682 ex

251 703 399 755 Macedonia
420 710 528 768 partam,
551 701 630 760 venit,
656 708 680 751 et
697 699 862 752 Nicomedem
886 699 968 751 fllium
992 701 1093 752 senatui
1116 715 1187 752 com·

251 773 388 824 mandavit.
423 786 470 822 rex
487 769 579 837 plenus
597 768 752 821 adulationis
773 767 893 822 libertum
907 785 935 820 se
958 767 1050 835 populi
1075 770 1186 821 Romani

252 841 362 896 dicebat.

285 947 309 1006 1.
331 946 486 1007 Victoriae
507 943 617 1017 nuntii,
643 941 676 1016 Q.
696 941 809 1004 Fabius
829 949 860 1004 et
877 943 912 1027 L,
929 943 1129 1005 Lentnlns'et
1150 945 1185 1018 Q.

201 1028 351 1102 Metellus,
368 1035 482 1106 quanta
502 1026 601 1104 potuit
621 1025 758 1098 adhiberi
775 1023 946 1102 festinatio,
966 1025 1106 1088 celeriter
1121 1029 1185 1090 lio·

201 1129 281 1174 mam
302 1127 371 1174 cum
388 1112 553 1187 venissent,
573 1116 772 1186 praeceptam
785 1115 887 1172 tamen
902 1110 967 1171 eius
981 1109 1026 1170 rai
1040 1110 1187 1174 laetitiam

200 1195 389 1258 invenerunt.
412 1201 519 1273 quarto
534 1200 609 1271 post
620 1192 670 1255 die
682 1209 775 1270 quam
786 1209 855 1255 cum
864 1209 937 1270 rege
948 1201 996 1255 est
1007 1193 1185 1271 pugnatum,

202 1295 271 1342 cum
296 1281 435 1342 iccirco
459 1271 522 1340 ludi
541 1278 665 1352 tierent,
690 1293 826 1338 murmur
843 1284 969 1360 repente
994 1277 1101 1353 populi
1123 1286 1187 1340 tota

201 1365 380 1440 spectacula
394 1363 538 1440 pervasit,
553 1367 720 1438 pugnatum
740 1361 771 1423 in
784 1360 966 1423 Macedonia
986 1368 1016 1421 et
1030 1361 1186 1425 devietttm

185 1463 305 1524 ,regem
320 1464 401 1522 esse,
417 1446 488 1508 dein
502 1446 639 1507 fremitus
650 1444 786 1521 increvit,
801 1452 959 1521 postremo
971 1445 1086 1507 clamor
1096 1445 1183 1520 plau·

201 1545 334 1607 susque,
357 1532 439 1591 velut
460 1536 542 1591 certo
562 1529 668 1590 nuntio
682 1528 827 1591 victoriae
842 1529 959 1605 adlato,
979 1535 1028 1590 est
1046 1535 1184 1592 exortus

200 1613 302 1674 mirari
323 1613 516 1690 magistratus
534 1618 565 1673 et
586 1627 734 1686 quaerere
748 1619 904 1675 auctorem
924 1613 1102 1690 repentinae
1122 1614 1184 1674 lae·

201 1695 300 1769 titiue;
326 1695 379 1775 qui
403 1704 569 1774 postquam
589 1695 690 1758 nullus
711 1704 791 1770 erat,
815 1694 939 1759 evanuit
951 1695 1094 1773 equidem
1108 1703 1183 1758 tam-

201 1796 293 1858 quam
308 1787 409 1843 certae
423 1780 468 1841 rei
481 1779 641 1856 gaudium,
668 1795 758 1841 omen
778 1786 879 1841 tamen
896 1782 1008 1842 laetum
1030 1778 1186 1841 insidebat

201 1862 321 1925 animis.
357 1865 441 1941 quod
456 1867 620 1940 postquam
634 1863 716 1924 veris
732 1863 844 1924 nuntiis
857 1861 943 1926 Fabii
957 1863 1140 1939 Lentulique
1155 1872 1184 1924 ct

200 1947 313 2008 Metelli
327 1948 460 2008 adventu
474 1945 625 2008 mmatum
639 1953 703 2020 est,
728 1961 798 2008 eunt
810 1947 939 2008 victoria
957 1947 1027 2024 ipse
1045 1953 1110 2007 tum
1131 1964 1185 2009 au-

200 2030 287 2106 gurio
302 2031 472 2092 animorum
484 2045 610 2093 suorum
624 2029 824 2092 laetabantur.
858 2039 889 2094 et
908 2031 995 2092 aliter
1010 2029 1112 2092 editur
1127 2031 1184 2092 cir-

200 2114 302 2176 censis
324 2114 430 2177 turbae
450 2131 512 2177 non
533 2115 634 2176 minus
655 2114 762 2176 similis
779 2115 845 2174 veri
859 2113 980 2175 laetitia.
1014 2113 1185 2176 antediem

200 2197 504 2275 quintumdecimum
519 2199 664 2260 calendas
683 2195 847 2270 Octobres,
868 2198 1011 2259 ludorum
1029 2198 1184 2259 Romano·

198 2299 267 2344 rum
284 2285 422 2346 secundo
439 2283 497 2356 die,
513 2281 544 2343 C.
560 2281 675 2343 Licinio
690 2281 810 2342 consuli
828 2280 868 2341 ad
884 2280 1049 2358 quadrigas
1064 2281 1184 2343 mitten-

199 2366 256 2428 das
278 2365 457 2427 escendenti
475 2365 665 2437 tabellarius,
692 2365 746 2440 qui
766 2380 801 2425 se
821 2380 861 2424 ex
875 2364 1058 2427 Macedonia
1077 2365 1184 2425 venire

199 2449 322 2521 diceret,
334 2449 488 2510 laureatas
500 2449 614 2510 litteras
629 2447 644 2486 *
657 2445 776 2510 dicitnr.
795 2447 956 2525 quadrigis
963 2448 1067 2511 missis
1074 2451 1186 2513 consul

199 2547 322 2593 currum
346 2531 541 2606 conscendit,
571 2538 601 2593 et
625 2546 696 2592 cum
715 2547 772 2608 per
792 2533 905 2594 circum
923 2531 1121 2596 reveheretur
1144 2534 1185 2594 ad

199 2615 285 2677 loros
300 2615 451 2692 publicos
467 2615 621 2678 laureatas
636 2614 764 2678 tabellas
776 2617 892 2693 populo
904 2616 1047 2679 ostendit
1070 2617 1184 2693 quibus

199 2699 375 2775 conspectis
381 2706 509 2777 repente
516 2699 675 2762 immemor
686 2700 853 2775 spectaculi
865 2700 1000 2776 populus
1011 2701 1042 2762 in
1049 2701 1185 2761 medinm

198 2784 340 2846 decurrit.
374 2799 412 2846 eo
428 2789 566 2846 senatum
582 2785 692 2846 consul
707 2784 837 2858 vocavit,
852 2784 1050 2862 recitatisque
1063 2783 1184 2845 tabellis
1273 2781 1274 2838 ὲ

198 2883 238 2928 ex
258 2866 436 2930 anctoritate
457 2874 578 2946 patrum
598 2884 654 2944 pro
676 2868 751 2930 loris
773 2866 903 2945 publicis
924 2866 1114 2930 denuntiavit
1126 2884 1184 2945 po
1273 2883 1274 2892 ¹

198 2952 272 3025 pulo
300 2951 334 3011 L.
364 2951 527 3013 Aemilium
554 2952 703 3028 collegam
736 2952 832 3026 signis
864 2950 983 3031 collatis
1011 2969 1080 3015 cum
1108 2967 1184 3028 rege
1273 2969 1274 3004 1

197 3033 311 3095 Perseo
325 3049 501 3109 pugnasse;
521 3034 725 3097 Macedonum
739 3036 908 3098 exercitum
925 3052 1050 3100 caesum
1066 3036 1183 3098 lusum-
1273 3019 1274 3082 l

200 3131 274 3193 que;
300 3131 406 3192 regem
428 3133 497 3179 cum
518 3117 626 3194 paucis
642 3116 776 3194 lugissm
803 3117 942 3182 civitates
958 3120 1182 3184 omnesblace

198 3197 309 3262 daniae
329 3198 360 3261 in
382 3200 535 3263 dicionem
554 3201 661 3278 populi
680 3201 811 3265 Romani
830 3203 964 3266 venisse.
998 3205 1047 3266 his
1069 3204 1182 3266 auditis

198 3285 313 3347 elamor
332 3300 401 3346 cum
422 3283 536 3360 ingenti
560 3285 671 3362 plausu
696 3293 798 3358 ortus;
823 3289 905 3351 ludis
929 3289 1044 3351 relictis
1069 3288 1182 3349 domus
1273 3355 1274 3364 ἶ

197 3383 308 3443 magna
335 3384 409 3445 pars
436 3367 590 3431 hominurn
619 3369 659 3430 ad
687 3371 834 3446 coniuges
863 3371 1039 3449 liberosque
1066 3373 1183 3433 laetum
1273 3367 1274 3438 l

198 3449 335 3516 nuntium
348 3451 521 3530 portabant.
554 3454 660 3516 tertius
676 3453 814 3517 decimus
833 3454 900 3517 dies
915 3463 980 3518 erat
993 3456 1031 3516 ab
1046 3471 1093 3530 eo,
1116 3471 1182 3532 qno
