2592 3964
222 185 265 250 62
369 182 485 246 LIBER
498 181 559 244 XL·
582 179 664 243 CAP.
676 190 718 244 to.
733 191 774 244 tt.
789 188 830 242 li.
854 185 889 254 [a.
902 184 937 238 U.
950 201 973 238 e.
985 184 1048 253 570]

223 345 324 416 gaiam
339 345 368 399 et
386 336 551 399 obnoxiam
566 331 792 396 adolescentiae
806 347 880 395 suae
895 347 967 394 esse
980 349 1114 410 aequum
1130 349 1199 398 ceu-

223 429 279 486 set.
303 437 359 497 pro
372 421 433 482 isto
446 419 577 482 Romani
593 424 687 491 stant,
703 433 759 493 pro
775 415 834 479 isto
849 431 957 478 omnes
971 416 1063 478 urbes
1079 425 1131 480 tuo
1146 419 1198 480 int·

223 522 309 583 peno
335 505 495 578 liberatae,
520 519 578 579 pro
602 503 662 564 isto
684 501 870 563 Macedones
893 499 946 576 qui
966 515 1043 578 pace
1063 502 1201 582 Romana

222 588 365 666 gaudent.
386 587 459 649 milri
474 592 596 663 praeter
609 593 648 661 te,
665 593 760 662 pater,
776 584 851 662 quid
864 600 994 662 usquam
1006 593 1058 647 aut
1071 587 1139 661 spei
1150 593 1202 648 aut

223 672 369 750 praesidii
388 678 457 733 estt
486 669 536 730 Xl.
566 685 628 746 quo
649 676 789 746 spectare
809 669 876 730 illas
891 668 1006 730 litteras
1021 670 1061 730 ad
1076 675 1105 730 te
1119 685 1199 732 nunc

221 755 334 818 missas
348 755 380 814 Τ.
397 755 527 830 Quinctii
548 753 665 828 credis,
686 753 796 829 quibus
817 759 847 814 et
866 753 946 814 bene
959 758 991 813 te
1005 752 1199 814 consuluisse

221 839 315 901 rebus
330 841 389 901 tuis
404 838 458 914 ait,
475 837 560 915 quod
572 837 756 899 Demeuium
769 838 897 898 Romam
911 835 1041 910 miserie,
1056 842 1086 896 et
1100 835 1200 898 horta·

223 932 285 996 tur,
307 929 341 984 ut
358 923 467 984 iterum
484 928 598 983 etcum
614 920 751 996 pluribus
765 921 872 996 legatis
888 926 918 981 et
932 919 1117 995 primoribus
1132 936 1200 982 eum

222 1009 356 1068 remittas
363 1006 587 1067 Macedonum?
596 1003 628 1063 T.
636 1003 792 1079 Quinctius
804 1019 885 1066 nunc
896 1009 1057 1064 estauctor
1067 1003 1201 1065 omniurn

221 1105 322 1150 rerum
336 1089 386 1151 isti
401 1095 431 1150 et
440 1088 593 1163 magister.
616 1103 686 1150 eum
698 1087 756 1149 sibi
767 1095 796 1150 te
808 1087 949 1149 abdicato
961 1094 1047 1165 patre
1059 1087 1089 1147 in
1102 1089 1201 1149 locum

221 1180 306 1235 tuum
317 1172 482 1234 substituit.
504 1170 564 1232 illic
576 1179 645 1233 ante
657 1172 759 1232 omnia
769 1170 958 1232 clandestina
970 1178 1118 1232 concocta
1130 1177 1201 1232 sunt

222 1257 359 1319 consilia.
388 1261 575 1333 quaeruntur
591 1255 747 1317 adiutores
762 1252 909 1330 consillia,
924 1271 992 1316 cum
1007 1261 1036 1316 te
1051 1256 1155 1330 plures
1171 1260 1201 1315 et

222 1339 377 1418 principes
396 1339 600 1401 Macedonum
620 1354 689 1400 cum
709 1336 769 1400 isto
790 1339 909 1399 mittere
928 1337 1020 1399 iubet.
1057 1337 1110 1415 qui
1129 1337 1200 1400 hine

221 1424 330 1499 integri
341 1430 373 1486 et
386 1424 496 1486 sinceri
507 1424 636 1486 Romam
646 1430 727 1497 eunt,
739 1419 911 1498 Philippum
925 1437 1030 1497 regem
1042 1437 1077 1482 se
1087 1421 1201 1482 habere

222 1508 400 1579 credentes,
426 1505 530 1567 imbuti
551 1505 633 1566 illinc
653 1513 684 1566 et
702 1506 805 1567 iniecti
825 1506 971 1567 Romanis
990 1505 1200 1566 delenimentis

221 1591 359 1652 redeunt
389 1589 559 1650 Demetrius
580 1588 618 1649 lis
638 1604 718 1650 unus
739 1589 842 1650 omnia
856 1597 917 1663 est,
939 1603 1008 1649 eum
1022 1588 1082 1648 iam
1096 1603 1200 1662 regern

222 1675 292 1736 vivo
305 1676 394 1750 ‘patre
408 1673 573 1750 appellant
592 1670 671 1734 haec
681 1674 709 1733 si
719 1673 869 1748 indignor,
885 1672 1069 1734 audiendum
1081 1677 1128 1732 est
1140 1679 1201 1732 sta·

221 1758 282 1831 tim,
298 1774 359 1818 non
374 1757 412 1818 ab
427 1755 495 1817 aliis
511 1757 610 1818 solum
626 1757 682 1818 sed
698 1757 787 1819 etiarn
802 1773 820 1817 a
834 1765 880 1832 te,
904 1764 1006 1833 pater,
1028 1754 1202 1831 cupiditatis

114 1849 115 1854 ’
220 1841 305 1916 regni
321 1840 444 1901 crimen.
467 1855 525 1916 ego
536 1855 622 1916 vero,
638 1841 665 1901 si
679 1841 709 1901 in
721 1841 821 1901 medio
833 1839 965 1915 ponitur,
980 1855 1041 1900 noo
1053 1854 1202 1915 agnosco.

222 1941 313 2001 quem
328 1922 408 1984 enim
422 1939 480 1984 suo
496 1925 565 1985 loeo
580 1939 706 1996 moveo,
721 1931 755 1986 ut
769 1925 837 2000 ipse
852 1925 882 1984 in
897 1925 964 1984 eius
978 1925 1079 1984 locum
1094 1938 1201 1984 succe·

221 2007 312 2069 damt
337 2023 417 2068 unus
438 2014 509 2068 ante
530 2022 578 2068 me
599 2014 688 2084 pater
707 2015 768 2082 est,
791 2016 821 2069 et
835 2015 866 2070 ut
881 2007 933 2068 diu
947 2004 1001 2082 sit,
1022 2007 1099 2068 deos
1113 2022 1202 2083 rogo.

221 2100 435 2168 superstes-
447 2097 477 2152 et
490 2091 532 2152 ita
546 2091 613 2165 sim,
629 2091 655 2154 si
670 2091 826 2166 merebor,
848 2100 882 2155 ut
894 2092 963 2166 ipse
979 2107 1028 2152 me
1043 2106 1116 2152 esse
1129 2091 1204 2153 velit
1282 2113 1283 2116 ¹

220 2211 262 2225 -
276 2174 474 2237 hereditatem
487 2172 590 2252 regni,
605 2175 633 2236 si
649 2182 735 2253 pater
749 2177 855 2250 tradet,
869 2175 1025 2252 accipiam.
1056 2175 1140 2250 cupit
1153 2190 1202 2235 re·

221 2274 323 2334 gnari,
338 2266 369 2319 et
384 2259 508 2334 quidem
518 2261 668 2320 scelerate
678 2259 770 2336 cupit,
786 2257 838 2336 qui
848 2259 1067 2322 transcendere
1079 2258 1203 2320 festinat

222 2342 360 2404 ordinem
381 2341 505 2417 aetatis,
526 2349 668 2416 naturae,
689 2342 783 2404 moris
797 2343 1014 2415 Macedonum,
1037 2343 1112 2402 iuris
1126 2358 1202 2417 gen·

220 2425 302 2486 tium.
330 2425 432 2486 obstat
446 2425 538 2486 irater
555 2425 666 2501 maior,
687 2426 727 2486 ad
742 2443 832 2502 quern
846 2427 926 2500 iure,
941 2425 1096 2487 voluntate
1110 2426 1203 2486 etiarn

179 2529 180 2532 ¹
221 2507 326 2585 patris,
341 2522 470 2584 regnum
481 2509 620 2584 pertinet.
640 2509 777 2571 tollatum
797 2527 859 2572 non
874 2510 1128 2588 primuaregnum
1142 2509 1203 2568 lra-

221 2599 308 2653 terna
322 2591 418 2652 caede
433 2592 560 2668 petiero.
584 2600 673 2670 pater
686 2608 783 2655 senex
798 2599 828 2655 et
842 2594 906 2656 filio
920 2595 1006 2656 solus
1022 2593 1147 2654 arbatus
1162 2592 1204 2653 de

220 2690 257 2738 ae
271 2675 368 2752 magis
383 2674 507 2752 timebit,
524 2691 616 2753 quant
630 2684 664 2738 ut
676 2677 851 2742 illiinecem
864 2676 1040 2742 ulciscatur.
1071 2675 1203 2738 Romani

221 2759 427 2837 laetabuntur,
448 2759 636 2837 probabunt,
660 2761 825 2822 defendent
838 2761 959 2824 tactum.
993 2761 1052 2822 hae
1067 2775 1142 2836 spes
1157 2761 1202 2819 in-

221 2851 331 2917 certae,
347 2850 442 2920 pater,
459 2844 516 2905 secl
531 2859 593 2906 non
608 2844 715 2906 inanes
730 2850 812 2908 sunt.
833 2845 875 2906 ita
889 2847 968 2907 enirn
981 2859 1017 2905 se
1027 2858 1078 2906 res
1091 2841 1202 2904 habet:

222 2925 389 3001 periculum
402 2927 483 2988 vitae
497 2927 671 3005 propellere
685 2944 704 2989 a
716 2943 766 2990 ore
780 2936 884 3004 potes,
904 2927 1060 3005 puniendo
1076 2942 1131 2989 eos
1148 2924 1203 3001 qui

221 3007 261 3068 ad
275 3023 324 3070 me
337 3008 579 3072 interficiendum
599 3011 712 3076 terrum
726 3018 939 3088 sumpseranta
962 3011 989 3073 si
1004 3011 1131 3073 facinori
1149 3024 1202 3070 eo-

219 3106 287 3152 rum
310 3093 511 3168 successerit,
537 3101 666 3158 mortem
688 3110 787 3159 rnearn
813 3095 894 3158 idern
919 3103 952 3160 tu
972 3095 1118 3171 persequi
1140 3109 1203 3154 non

222 3175 367 3253 poteris.“

305 3259 369 3322 ΧΠ.
390 3260 556 3338 Postquam
578 3261 700 3327 dicendi
714 3263 806 3327 linem
818 3263 952 3328 Perseus
966 3261 1053 3338 lectt,
1073 3257 1205 3324 conlecti

221 3361 328 3407 eorum
348 3345 401 3421 qui
421 3347 550 3410 aderant
568 3347 649 3411 ocull
670 3345 702 3410 iu
715 3348 900 3410 Demetrium
920 3355 1005 3422 sunt,
1026 3345 1110 3406 velut
1129 3357 1204 3404 con-

223 3427 322 3492 iestim
336 3446 543 3510 responsurus
558 3439 650 3494 esset.
684 3431 795 3494 deinde
809 3432 861 3494 diu
876 3431 932 3495 tuit
945 3425 1112 3504 sitentium,
1133 3441 1206 3490 oum
1279 3483 1283 3515 Ι,
