2598 3956
163 177 226 244 lot
354 149 470 238 aman
483 175 559 237 rtur.
581 174 664 236 cnr.
680 185 705 237 1.
717 185 743 236 a
766 181 802 248 [a.
818 179 852 232 u.
869 198 891 233 ο.
905 181 967 248 574]

162 328 402 400 eodemdecem
423 326 553 390 navibus
576 328 607 389 Ο.
622 328 732 390 Furius
752 329 895 390 duumvir
914 329 1031 390 navalis
1052 333 1145 391 venit.

161 411 493 494 adversuslllyriorum
502 413 634 474 classem
646 413 739 474 creati
746 411 898 480 duumviri
910 413 1036 478 navales
1048 425 1144 475 erant.

157 501 216 577 qui
234 498 368 561 tuendae
385 495 490 572 viginti
511 496 641 558 navibus
663 497 756 556 maris
777 496 881 572 superi
899 512 971 559 orae
985 497 1145 559 Anconam

161 585 245 645 velut
259 583 414 646 cardinem
427 581 590 642 haberent:
613 579 685 641 inde
697 579 732 640 L.
748 578 906 642 Comeiius
922 581 1031 642 dextra
1045 582 1147 644 littora

161 683 264 743 usquc
279 667 319 727 ad
332 667 508 741 Tarentum,
524 664 556 726 C.
571 664 681 726 Furius
695 665 784 724 laeva
798 678 900 740 usque
915 665 955 725 ad
970 663 1144 740 Aquileiam

160 758 306 814 tueretur.
329 765 385 811 eae
399 765 496 810 naves
511 750 552 809 ad
568 748 739 824 proximum
750 754 872 824 portum
883 748 915 809 in
925 748 1057 810 Histriae
1067 749 1144 810 fines

162 851 233 897 eum
257 833 406 895 onerariis
431 841 461 895 et
479 848 591 908 magno
613 839 784 893 commeatu
804 832 932 906 missae,
958 840 1146 908 secutusque

161 934 232 982 cum
246 918 419 995 legionibus
441 919 549 978 consul
565 916 701 992 quinque
717 917 811 976 ferme
825 916 907 977 milia
920 931 939 976 a
953 917 1028 976 mari
1042 919 1147 992 posuit

162 1011 273 1064 castra.
306 1003 336 1063 in
361 1008 453 1079 portu
482 1000 652 1076 emporium
679 999 767 1060 brevi
792 1001 995 1076 perfrequens
1023 1001 1145 1073 factum,

162 1087 326 1160 omniaque
340 1085 411 1146 hinc
427 1087 457 1145 in
473 1091 575 1145 castra
589 1083 859 1160 supportabantur.
883 1091 914 1145 et
929 1099 990 1158 quo
1005 1083 1037 1145 id
1051 1086 1145 1146 tutius

161 1171 264 1244 tieret,
285 1170 434 1231 stationes
456 1169 495 1228 ab
516 1169 657 1230 omnibus
679 1175 849 1230 castrorum
865 1168 1003 1244 partibus
1018 1168 1146 1230 circum

162 1255 252 1316 datae
267 1262 353 1315 sunt:
381 1253 411 1315 in
427 1251 571 1314 Histriam
586 1267 708 1314 versum
723 1250 910 1328 praesidium
926 1252 1084 1325 stativum,
1098 1268 1149 1312 re-

162 1336 287 1415 pentina
311 1337 424 1399 cohors
437 1335 615 1399 Placentina
636 1337 782 1415 opposita
802 1337 879 1397 inter
893 1351 977 1396 mare
991 1344 1021 1398 et
1035 1345 1146 1407 castra,
1175 1411 1178 1416 Α

162 1429 192 1483 et
206 1430 240 1483 ut
259 1422 341 1482 idem
362 1421 561 1497 aquatoribus
584 1420 624 1482 ad
639 1417 765 1482 fiuvium
785 1427 870 1482 esset
884 1419 1087 1496 praesidium,
1102 1420 1144 1479 M.

162 1504 312 1568 Aebutius
331 1506 472 1567 tribunus
494 1506 619 1566 militum
640 1507 797 1567 secundae
811 1503 941 1580 legionis
957 1504 1035 1565 duos
1051 1502 1146 1563 mani-

163 1591 255 1665 pulos
278 1589 403 1662 militum
424 1588 547 1650 adicere
568 1589 674 1650 iussus
695 1596 759 1657 est3
780 1590 813 1648 T.
834 1594 864 1648 et
885 1588 915 1650 C.
936 1587 1015 1649 Aelii
1035 1587 1145 1648 tribuni

162 1673 289 1736 militum
309 1673 462 1747 legionem
476 1672 609 1746 tertiam,
631 1689 710 1748 quae
725 1672 922 1750 pabulatores
938 1678 969 1732 et
982 1671 1146 1748 lignatores

163 1763 305 1831 tueretur,
324 1757 373 1816 via
387 1772 467 1834 quae
481 1755 656 1833 Aquileiam
670 1757 728 1818 fert
743 1757 902 1818 duxerant.
925 1755 964 1816 ab
979 1755 1087 1842 eadem
1100 1771 1147 1815 re·

154 1839 255 1916 gione
276 1841 357 1901 mille
378 1843 474 1902 ferme
493 1856 642 1916 passuum
664 1849 766 1903 castra
786 1849 874 1903 erant
888 1840 1057 1902 Gallorum:
1081 1839 1149 1900 Cat·

163 1926 260 1986 melus
282 1941 338 2000 pro
353 1926 459 2000 regulo
475 1931 541 1985 crat
554 1925 651 1986 tribus
668 1923 751 1986 haud
766 1925 897 2002 amplius
912 1924 1034 1986 milibus
1051 1940 1147 1984 arma·

162 2014 271 2068 torum.
294 2008 330 2067 11.
352 2007 456 2082 Histri,
471 2017 504 2070 ut
519 2008 649 2083 primum
664 2008 704 2069 ad
718 2009 819 2070 lacum
831 2008 948 2071 Tinevi
962 2015 1062 2070 castra
1076 2015 1149 2069 sunt

162 2093 302 2152 Romana
315 2099 407 2166 mota,
425 2089 486 2167 ipsi
501 2101 574 2170 post
587 2093 698 2154 collem
712 2095 834 2157 occulto
849 2096 918 2156 loco
933 2094 1149 2167 consederunt,

164 2182 193 2236 et
207 2175 280 2236 inde
294 2174 427 2252 obliquis
443 2176 602 2238 itineribus
617 2193 727 2253 agmen
743 2178 965 2255 sequebantur,
980 2179 1011 2238 in
1027 2193 1148 2239 omnem

165 2261 362 2322 occasionem
382 2259 503 2332 intenti;
526 2277 584 2322 nec
601 2263 766 2339 quicquam
779 2278 848 2330 eos,
870 2277 950 2339 quae
964 2269 1046 2322 terra
1059 2261 1149 2322 mari·

166 2350 410 2420 queagerentur,
423 2345 555 2405 fallebat.
578 2353 744 2421 postquam
755 2345 904 2406 stationes
914 2345 1064 2406 invalidus
1076 2360 1149 2404 esse

165 2443 222 2505 pro
247 2427 371 2502 castris,
394 2429 493 2489 forum
514 2428 603 2490 turba
623 2427 730 2489 inermi
750 2429 896 2504 frequens
911 2427 989 2487 inter
1003 2434 1104 2487 castra
1118 2434 1149 2486 et

163 2525 249 2570 mare
270 2513 468 2573 mercantium
488 2513 556 2573 sine
575 2514 638 2573 ullo
660 2511 795 2572 terrestri
815 2516 868 2570 aut
887 2509 1036 2571 maritimo
1051 2509 1147 2570 muni·

165 2601 268 2656 mento
283 2591 434 2671 viderunt,
450 2595 512 2656 duo
528 2596 617 2656 simul
632 2593 796 2671 praesidia,
807 2592 1001 2656 Placentinae
1013 2593 1148 2655 cohortis

165 2685 195 2739 et
209 2678 434 2753 manipulorum
449 2679 606 2740 secundae
620 2678 765 2754 legionis,
781 2677 1008 2753 adgrediuntur.
1037 2678 1150 2738 nebula

165 2761 311 2822 matutina
330 2769 449 2824 texerat
468 2763 637 2838 inceptum
660 2777 722 2838 qua
736 2761 889 2824 dilabente
903 2761 943 2822 ad
957 2760 1087 2838 primum
1104 2770 1148 2823 te-

167 2860 274 2921 porem
290 2847 367 2907 solis
378 2848 540 2922 perlucens
552 2846 612 2905 iam
623 2844 748 2920 aliquid,
764 2846 880 2908 incerta
890 2853 999 2919 tamen,
1016 2852 1050 2908 ut
1060 2847 1148 2918 solet,

166 2931 218 2988 lux
240 2930 376 3004 speciem
398 2931 532 2990 omnium
553 2929 749 3005 multiplicem
769 2930 895 2992 intuenti
910 2930 1061 3004 reddens,
1084 2938 1149 2990 tum

168 3027 293 3087 quoque
309 3012 451 3072 frustrata
464 3013 636 3088 Romanos,
654 3015 748 3075 multo
763 3014 909 3076 maiorem
923 3014 961 3076 iis
977 3030 1070 3091 quam
1084 3022 1150 3074 erat

166 3094 301 3154 hostium
325 3095 423 3155 aciem
449 3096 591 3158 ostendit.
628 3115 689 3174 qua
706 3099 800 3159 territi
823 3099 985 3176 utriusque
1005 3097 1148 3160 stationis

167 3176 276 3238 milites
297 3178 412 3254 ingenti
429 3181 557 3242 tumultu
577 3197 645 3243 cum
658 3181 690 3242 in
704 3189 805 3244 castra
820 3184 1046 3260 confugissent,
1065 3182 1149 3243 haud

167 3263 260 3339 paulo
282 3261 323 3324 ibi
344 3265 414 3340 pius
436 3280 529 3342 quam
549 3267 634 3342 quod
654 3282 759 3328 secum
773 3267 833 3344 ipsi
849 3269 1009 3331 attulerant
1023 3265 1148 3329 terroris

168 3348 315 3410 fecerunt.
337 3365 407 3410 nam
421 3364 523 3426 neque
537 3349 655 3425 dicere,
678 3351 752 3427 quid
766 3351 930 3428 fugissent,
945 3368 1002 3413 nec
1017 3367 1149 3429 percun-

170 3433 320 3494 ctantibus
332 3433 461 3495 reddere
472 3449 656 3513 responsum
664 3442 819 3512 poterant3
835 3443 866 3497 et
878 3437 991 3498 clamor
1002 3435 1148 3511 inportis,
