2570 3952
311 221 507 281 EPITOMAE
521 221 725 283 LIBRORUM
740 223 924 282 xcvi-cl.
1043 222 1104 284 313

126 370 209 420 guarlt.
228 371 256 410 ab
276 369 353 411 eodem
367 371 392 411 L.
408 370 495 412 Gellius
515 371 591 411 consui
612 374 634 412 et
648 371 676 416 Q.
695 371 774 412 Arrius
793 373 882 424 praetor
901 371 950 412 acis
968 371 1024 412 victi
1043 375 1104 416 sunt.

125 424 239 464 Sertorius
259 436 273 465 a
291 425 331 467 Μ’.
351 426 448 465 Antonio
467 430 490 465 et
504 425 533 465 M.
549 426 661 477 Perperna
679 429 702 466 et
716 425 768 466 aliis
783 425 904 467 coniuratis
918 425 940 466 in
954 426 1058 467 convivio
1073 427 1104 465 in-

125 478 232 519 teriectus
246 481 292 529 est,
312 482 392 520 octavo
407 478 500 519 ducatus
514 478 549 519 sui
564 489 634 529 anno,
655 489 747 532 magnus
763 478 820 528 dux,
835 482 858 520 et
871 478 980 520 adversus
995 479 1052 521 duos
1066 480 1104 520 im·

125 535 248 584 penatores,
263 532 393 585 Pompeium
408 536 430 574 et
444 533 572 582 Metellum,
587 536 612 574 ut
626 532 764 585 frequentius
778 532 857 584 victor,
872 532 900 574 ad
915 533 1016 575 ultimum
1031 534 1105 574 deser·

125 592 162 627 tus
176 588 198 626 et
217 586 327 639 proditus.
347 587 462 641 imperium
478 587 573 639 partium
589 586 617 627 ad
631 587 662 628 M.
676 587 810 640 Perpernam
825 587 957 628 translatum
972 591 1018 638 est3
1039 599 1104 640 quem

125 641 164 683 Cn.
175 640 294 692 Pompeius
308 641 390 681 rictum
405 644 539 694 captumque
553 641 673 692 interfecit,
689 652 715 682 ac
731 642 815 694 recepit
828 641 947 694 Hispanias
962 641 1047 684 decimo
1058 641 1105 682 iere

123 705 181 734 anno
197 705 262 746 quam
277 698 379 748 coeptum
394 699 442 736 erat
456 695 548 738 bellurn.
563 694 589 736 C.
601 693 693 738 Cassius
703 693 827 788 proconsul
842 698 865 735 et
880 695 921 737 Cn.
931 695 1028 737 Manlius
1042 706 1103 749 prae·
1162 714 1165 720 ·

124 751 160 790 tor
173 749 231 842 hwile
245 749 354 790 adversus
368 748 500 802 Spartacum
514 752 680 802 pugnaverunt;
695 749 702 788 i
719 760 762 800 que
777 746 859 788 bellum
871 749 902 790 M.
912 749 992 790 crasso
1006 750 1105 802 praetori

124 813 173 843 man
191 813 249 843 aum
265 805 308 844 est.

176 855 265 901 xcvii.
285 857 316 899 M.
337 856 431 899 crassus
449 859 538 909 praetor
559 857 653 909 primmu
675 867 723 898 cum
742 859 807 910 parte
827 855 982 908 lugitivorum,
1004 867 1061 910 quae
1076 869 1104 898 ex

125 908 197 950 Gallis
217 910 378 964 Germanisque
399 913 527 962 constabat,
548 910 643 952 feliciter
662 914 781 965 pugnavit,
803 911 875 952 caesis
894 910 993 952 hostium
1013 910 1105 963 triginta

125 964 224 1016 quinqua
242 964 332 1007 milibus
350 966 373 1006 et
393 964 448 1006 duce
467 976 543 1008 eorum
559 965 667 1009 Gannico.
688 976 737 1005 cum
751 964 859 1017 Spartaco
880 964 960 1006 deinde
975 965 1104 1016 debellarit,

124 1019 196 1060 caesis
216 1029 265 1059 cum
283 1018 333 1071 ipso
352 1019 469 1071 sexaginta
486 1019 583 1061 milibus.
602 1019 633 1062 M.
653 1021 762 1062 Antonius
782 1021 872 1072 praetor
891 1018 974 1060 bellum
995 1019 1104 1060 adversus

124 1073 244 1114 Cretenses
257 1084 335 1126 parum
350 1084 457 1126 prospere
470 1075 558 1125 gestum
573 1077 643 1115 morte
657 1083 698 1114 sua
713 1073 793 1117 linivit.
814 1073 846 1116 M.
863 1073 970 1115 Lucullus
985 1073 1103 1128 proconsul

124 1126 219 1168 Thracas
232 1127 329 1180 subegit.
344 1127 368 1168 L.
380 1127 488 1168 Lucullus
503 1129 525 1168 in
540 1127 613 1168 Ponto
627 1127 735 1170 adversus
746 1126 895 1168 Mithridatem
911 1126 1007 1168 feliciter
1021 1139 1103 1182 pugna-

125 1181 163 1228 vit,
179 1183 251 1222 caesis
264 1180 361 1222 hostium
375 1181 471 1234 amplius
487 1191 553 1233 quam
567 1182 683 1233 sexaginta
697 1181 795 1223 milibus.
810 1181 841 1223 M.
852 1181 947 1223 Crassus
956 1185 979 1222 et
991 1182 1102 1225 cmPom·

124 1235 187 1286 peius
201 1236 305 1276 consules
317 1234 371 1276 iacti
386 1235 436 1288 (sed
446 1235 572 1288 Pompeius,
588 1238 706 1287 antequam
722 1237 864 1286 quaesturam
880 1239 974 1287 gereret,
989 1237 1104 1287 exequiis

123 1289 229 1341 Romano)
244 1289 383 1329 tribuniciam
398 1291 533 1342 potestatem
545 1289 699 1330 restituerunt.
715 1289 797 1329 iudicia
805 1298 895 1341 quoque
905 1290 978 1341 perL.
989 1289 1103 1331 Aurelium

124 1344 212 1386 cottam
227 1345 353 1396 praetorem
367 1341 395 1382 ad
410 1343 499 1393 equites
512 1343 623 1384 Romanor
637 1343 746 1384 translata
760 1346 820 1384 sunt.
841 1342 985 1383 Mithridaten
999 1342 1100 1396 despera·

123 1396 185 1437 Mons
198 1407 271 1438 rerum
286 1407 374 1439 suarum
390 1399 480 1438 coactor
495 1395 523 1436 ad
537 1397 652 1448 Tigranem
666 1396 782 1437 Armeniae
796 1407 871 1448 regem
885 1396 993 1448 coniugii.

175 1449 274 1493 xcviii.
289 1449 406 1491 Machares
420 1450 478 1492 iliius
492 1448 637 1501 Mithridatis,
653 1449 747 1502 Bospori
761 1459 808 1500 rex,
824 1451 852 1490 ab
866 1450 891 1490 L.
902 1450 994 1490 Lucullo
1009 1451 1031 1490 in
1048 1451 1091 1492 ami

122 1504 196 1545 citiam
211 1507 314 1556 receptus
329 1506 374 1548 est.
395 1503 436 1547 Cu.
451 1503 559 1546 Lentulus
573 1505 595 1544 et
610 1505 635 1546 L.
651 1503 738 1545 Gellius
753 1513 857 1546 censores
872 1513 973 1556 asperam
988 1514 1102 1546 censuram

122 1562 227 1610 egerunt,
250 1561 356 1610 quattuor
370 1560 393 1600 et
407 1559 525 1612 sexaginta
538 1562 616 1601 senatu
632 1558 710 1608 motis,
724 1563 738 1597 a
753 1558 833 1609 quibus
847 1557 917 1599 lustro
932 1557 1021 1600 condito
1037 1569 1103 1600 censa

121 1615 175 1653 eunt
188 1613 269 1655 cirium
284 1614 358 1666 capita
373 1612 534 1666 quadringenta
549 1613 711 1666 quinquaginta
726 1611 794 1656 milia.
809 1611 835 1655 L.
852 1612 959 1654 Metellus
974 1616 1065 1666 praetor
1079 1615 1101 1654 iu

121 1666 201 1708 Sicilia
220 1667 328 1710 adversus
345 1667 429 1720 piratas
449 1677 556 1720 prospers
576 1678 622 1709 rem
640 1668 718 1720 gessit.
740 1665 846 1718 templum
866 1667 924 1707 lovis
943 1667 965 1707 in
985 1666 1101 1721 Capitolio,

122 1720 181 1772 quod
195 1721 298 1763 lucendio
314 1724 467 1774 consumptum
481 1733 507 1762 ac
521 1721 628 1763 relectum
643 1723 697 1770 erat,
713 1730 725 1760 a
740 1721 768 1766 Q.
784 1720 863 1763 Catulo
879 1720 1003 1762 dedicatum
1018 1724 1060 1764 est.
1075 1722 1100 1764 L.

120 1775 228 1816 Lucullus
246 1777 269 1816 in
287 1776 392 1816 Armenia
412 1773 563 1817 Mithridatem
583 1778 606 1815 et
624 1775 738 1827 Tigranem
760 1776 783 1816 et
796 1775 899 1826 ingentes
914 1775 1030 1827 utriusque
1043 1774 1102 1826 regis

78 1861 83 1868 .
121 1831 199 1882 copias
212 1831 314 1882 pluribus
344 1830 421 1871 roeliis
435 1829 500 1873 iudit.
516 1829 545 1875 Q.
558 1829 665 1870 Meteilus
678 1828 797 1882 proconsul
814 1827 873 1870 bello
889 1827 997 1872 adversus
1012 1829 1101 1869 Creten·

121 1893 158 1924 aes
172 1883 275 1924 mandato
291 1843 411 1935 cyhonian
425 1884 502 1924 urbam
517 1882 614 1924 obsedit.
634 1882 659 1924 C.
674 1882 773 1924 Triarius
793 1882 879 1936 legatus
893 1882 980 1923 Luculli
994 1881 1103 1924 adversus

121 1935 274 1979 Mithridatem
288 1948 365 1990 parum
380 1947 486 1990 prospere
501 1938 616 1990 pugnavit.
636 1936 765 1987 Lucullum,
787 1947 814 1976 ne
829 1940 1000 1988 persequeretur
1014 1934 1101 1978 Mithri·

121 1989 195 2031 datem
209 2002 235 2031 ac
249 1992 364 2044 Tigranem
378 2002 530 2042 summamque
545 1991 653 2032 victoriae
666 1991 802 2041 imponeret,
818 1990 900 2032 seditio
916 1991 1009 2032 militurn
1024 1991 1096 2039 tenuit

120 2045 174 2138 (tgna
187 2047 253 2140 {⁰th
267 2046 378 2140 ηοΙΙῗῑιαηί,
392 2046 416 2139 {d
431 2048 477 2094 est,
493 2045 546 2140 quia
560 2045 661 2097 legiones
674 2044 804 2085 Valerianae
818 2043 909 2097 impieta
923 2057 936 2086 a
950 2055 975 2086 se
989 2044 1102 2097 stipendia

145 2111 184 2139 ceu
197 2111 221 2140 es
254 2111 295 2139 ueu
316 2112 351 2140 um
366 2111 408 2140 rer
427 2111 513 2141 uerno.

173 2152 252 2194 XClX.
273 2153 301 2197 u.
317 2110 424 2195 Metelluhl
438 2152 559 2247 proconsul
572 2151 677 2216 Gnosson
692 2156 715 2194 et
729 2154 822 2218 Lyctum
837 2156 860 2194 et
874 2152 995 2216 Cydoniam
1010 2155 1033 2193 et
1046 2151 1103 2192 alias

120 2206 736 2312 Mittit:i‘iiahltitiitith‘iitih
750 2205 1102 2313 iiiiataaiiht‘.fai·

120 2314 240 2367 Pompeius
259 2315 308 2366 lege
326 2315 354 2355 ad
376 2315 482 2368 populum
501 2314 548 2355 iata
566 2316 671 2366 persequi
687 2315 771 2367 piratas
786 2316 874 2364 iussus,
894 2315 933 2365 qui
948 2313 1103 2355 commercium

120 2379 220 2410 annonae
238 2369 423 2420 intercluserant,
446 2371 505 2410 intra
526 2367 719 2420 quadragesimum
739 2369 796 2409 diem
816 2370 864 2408 toto
879 2368 933 2408 mari
949 2376 988 2409 eos
1003 2367 1104 2418 expulit3

120 2423 225 2476 belloque
239 2435 288 2464 cum
303 2425 331 2464 iis
345 2426 367 2466 in
383 2424 462 2467 cilicia
476 2424 584 2473 coniecto,
600 2423 699 2474 acceptis
714 2425 737 2464 in
753 2422 889 2463 deditionem
903 2419 984 2474 piratis
998 2432 1064 2472 agros
1079 2424 1102 2461 et

119 2480 186 2518 urbes
200 2477 270 2519 dedit.
285 2482 402 2530 praeterea
414 2488 451 2520 res
466 2479 542 2532 gestas
556 2488 569 2516 a
584 2476 614 2522 Q.
630 2476 722 2517 Metello
736 2477 846 2518 adversus
860 2476 981 2518 Cretenses
994 2477 1102 2524 continet,

119 2537 141 2574 et
156 2532 265 2585 epistolas
279 2532 366 2574 Metelli
381 2535 404 2574 et
424 2534 464 2576 Cn.
480 2532 580 2584 Pompeii
600 2531 622 2571 in
644 2531 715 2571 vicem
729 2533 817 2572 missas.
838 2531 982 2583 queriturque
997 2529 1103 2570 Metellus

118 2587 210 2638 gloriam
225 2587 268 2630 sibi
282 2599 355 2628 rerum
370 2589 481 2640 gestarum
497 2597 510 2626 a
525 2586 631 2638 Pompeio
647 2585 755 2638 praeripi,
774 2587 812 2637 qui
827 2584 849 2625 in
865 2586 952 2628 Cretam
971 2585 1057 2625 miserit
1072 2582 1102 2623 le·

118 2644 193 2694 gaium
212 2651 276 2682 suum
295 2640 324 2681 ad
343 2641 485 2694 accipiendas
504 2640 592 2696 urbium
606 2639 738 2682 deditiones.
761 2639 881 2692 Pompeius
900 2640 1008 2679 rationem
1028 2637 1103 2678 reddit

118 2695 160 2736 hoc
173 2706 199 2736 se
214 2694 287 2735 iacere
302 2695 415 2738 debuisse.

172 2749 197 2790 G·
218 2749 242 2790 c.
258 2747 363 2788 Manilius
378 2749 567 2801 tribunusplebis
581 2759 659 2800 magna
674 2747 826 2800 indignatione
845 2745 968 2787 nobilitatis
983 2743 1055 2795 legem
1068 2747 1093 2784 tu

118 2803 155 2852 iit,
176 2805 200 2842 ut
220 2803 327 2854 Pompeio
348 2801 524 2842 Mithridaticum
542 2801 626 2842 bellum
647 2802 797 2846 mandaretur.
823 2803 896 2841 condo
916 2799 964 2839 eius
983 2799 1050 2842 bona.
1073 2798 1103 2842 u.

118 2855 224 2898 Metellus
245 2856 376 2910 perdomitis
396 2855 542 2896 cretensibus
562 2856 646 2896 liberae
664 2856 687 2896 iu
707 2855 730 2896 td
749 2857 838 2907 tempus
852 2854 939 2894 insulse
954 2853 1016 2904 leges
1031 2850 1102 2892 dedit.

118 2909 291 2962 Cnal’ompelus
303 2911 332 2950 ad
347 2908 467 2963 gerendum
483 2908 566 2950 bellurn
580 2909 689 2950 adversus
695 2906 847 2950 Mithridatem
862 2906 975 2960 proiectus
988 2917 1037 2947 cum
1049 2916 1104 2957 rege

117 2963 250 3005 Parthorum
266 2964 361 3006 Phraate
380 2964 498 3005 amicitiam
512 2964 641 3014 renovarit,
657 2962 755 3016 equestri
770 2962 857 3016 proelio
874 2958 1025 3004 Mithridatem
1040 2961 1104 3000 vicit.

119 3021 233 3069 praeterea
247 3019 330 3060 bellum
344 3019 402 3059 inter
417 3017 533 3059 Phraatem
548 3016 679 3059 Parthorum
694 3028 769 3069 regem
783 3019 806 3058 et
815 3017 930 3069 Tigranem
941 3016 1102 3063 Armeniorum,

117 3082 143 3111 ac
158 3070 239 3112 deinde
253 3074 311 3114 inter
324 3074 441 3126 Tigranem
456 3072 524 3113 illium
539 3074 671 3124 patremque
686 3076 785 3125 gestum,
800 3071 907 3114 continet.

173 3125 208 3166 Cl.
224 3125 266 3168 Cn.
277 3127 398 3180 Pompeius
413 3125 565 3169 Mithridatem
580 3129 688 3167 nocturno
703 3125 790 3179 proelio
805 3126 887 3166 victum
902 3125 974 3176 coegit
986 3121 1101 3176 bosporon

118 3177 245 3231 profugere.
266 3180 381 3232 Tigranem
396 3183 418 3221 in
438 3181 573 3222 deditionem
588 3182 685 3233 accepit,
707 3181 774 3233 eique
787 3179 897 3232 ademptis
912 3179 977 3231 Syria
991 3175 1103 3217 Phoenica

118 3232 196 3274 Cilicia
210 3243 302 3283 regnum
317 3235 434 3276 Armeniae
447 3235 556 3278 restituit.
578 3235 701 3276 coniuratio
717 3245 792 3276 eorum
808 3235 846 3286 qui
861 3236 883 3276 in
900 3232 1008 3286 petitione
1023 3239 1100 3270 consu-

118 3287 179 3327 latus
193 3287 290 3327 ambitus
305 3286 402 3329 damnati
418 3291 487 3338 erant,
502 3288 559 3330 iacta
574 3288 602 3330 de
617 3287 776 3330 interficiendis
790 3288 926 3336 consulibus,
942 3293 1051 3338 oppressa
1060 3286 1102 3323 est.

117 3341 158 3384 cn.
174 3340 294 3393 Pompeius
309 3352 358 3382 cum
372 3340 524 3388 Mithridatem
539 3344 720 3394 persequeretur,
735 3346 757 3384 in
772 3343 862 3384 ultimas
877 3343 1008 3393 ignotasque
1023 3340 1102 3389 gentes

117 3397 256 3449 penetraritr
276 3395 354 3436 Iberos
372 3395 529 3448 Albanosque,
552 3396 590 3448 qul
609 3397 726 3438 transitum
747 3408 790 3437 non
811 3397 905 3444 dabant,
930 3393 1016 3446 proelio
1036 3392 1101 3432 vicit.

115 3451 231 3502 praeterea
247 3447 320 3502 lugam
336 3448 474 3491 Mithridatis
487 3460 527 3503 per
542 3448 639 3492 Colchos
652 3449 836 3504 Heniochosque,
852 3454 873 3490 et
888 3456 924 3489 res
939 3448 966 3488 ab
981 3457 1007 3487 eo
1022 3446 1044 3486 ln
1059 3445 1098 3485 Bo

116 3514 183 3557 sporo
199 3505 275 3554 gestas
290 3503 398 3548 eontinet.

1268 3215 1271 3350 i

1267 3359 1270 3434 i
