2592 3964
287 241 404 302 LIBER
416 240 549 300 xxxix
571 241 656 298 cAP.
669 249 696 301 2
706 249 733 302 3.
744 250 771 302 t.
794 247 832 313 [a.
844 247 878 303 C.
890 246 953 312 187]
1090 239 1113 301 3

129 403 180 457 tus
200 395 302 470 primo
322 393 444 453 lembus
457 391 585 467 proeliis
599 394 750 468 fatigavit,
772 402 929 468 postremo
943 401 1070 454 coaetos
1083 394 1114 456 in

128 479 231 540 aciem
247 476 440 538 descendere
453 476 534 536 iusto
549 477 669 551 proelio
683 478 810 548 devicit;
831 477 862 536 in
879 495 942 554 quo
956 486 988 538 et
1004 479 1114 538 aedem

129 565 249 626 Dianae
257 559 352 620 vovit.
366 559 503 620 subactis
515 560 560 620 cis
567 559 765 634 Apenninum
777 563 929 635 omnibns,
940 570 1004 622 tum
1014 570 1114 621 uuus-

128 653 297 708 monlanos
320 643 544 702 adortus—iu
568 642 619 704 bis
643 652 674 704 et
692 644 842 704 Friniates
865 645 995 720 Ligures
1017 652 1115 719 erant,

130 745 214 806 quos
238 744 301 788 non
321 726 441 787 adierat
460 725 492 785 C.
511 725 679 786 Flaminius
693 743 851 788 -omnes
871 729 1021 790 Aemilius
1041 729 1115 789 snb-

130 811 210 887 egit,
223 825 371 886 armaque
387 810 515 881 ademit,
530 811 614 871 etde
627 809 781 870 montibus
795 811 826 869 in
840 827 969 886 campos
982 812 1114 872 multitu·

131 896 237 957 dinem
260 894 397 954 deduxit
433 894 552 968 pacatis
575 891 739 968 Liguribus
764 895 932 954 exercitum
955 895 986 953 in
1009 911 1116 969 agrurn

132 978 283 1040 Collieum
297 977 401 1050 duxit,
414 977 559 1052 viamque
572 977 613 1036 ab
624 977 793 1051 Placentia,
807 985 841 1037 ut
853 977 1020 1038 Flaminiae
1034 993 1117 1062 com:

130 1063 273 1136 mitteret,
287 1059 457 1121 Ariminum
470 1060 624 1135 perduxit.
645 1061 764 1134 proelio
777 1061 892 1133 ultimo,
908 1077 971 1136 qno
986 1078 1055 1122 cum
1067 1060 1117 1120 Li·

132 1146 264 1222 guribus
287 1145 387 1220 signis
411 1145 532 1204 collatis
556 1143 710 1214 condixit,
734 1145 844 1204 aedem
865 1144 973 1204 lunoni
992 1146 1117 1220 reginae

133 1228 230 1290 vovit
251 1229 329 1288 baec
343 1227 374 1286 in
388 1227 552 1302 Liguribus
566 1243 605 1287 eo
619 1243 702 1286 anno
716 1234 813 1301 gesta

218 1312 270 1372 lll.
291 1312 327 1370 ln
342 1311 440 1372 Callia
451 1310 493 1370 lt.
506 1309 619 1370 Furius
637 1319 763 1386 praetor
781 1308 956 1372 insontibus
971 1313 1118 1372 Cenoma·

134 1397 194 1469 nis,
208 1395 240 1456 in
255 1411 334 1470 pace
348 1393 487 1471 speciem
500 1394 573 1454 belli
587 1408 750 1467 quaerens,
765 1394 922 1454 ademerat
931 1411 1025 1454 arma
1046 1393 1120 1453 inde

135 1477 304 1543 Cenomani
319 1478 484 1554 conquesti
496 1479 614 1538 Romae
627 1477 713 1550 apud
726 1483 883 1550 senatum,
897 1477 1067 1552 reiectique
1078 1475 1120 1536 ad

134 1565 299 1626 consulem
312 1562 491 1633 Aemilium,
513 1561 562 1622 cni
581 1569 616 1621 ut
629 1568 833 1635 cognosceret
845 1569 1057 1636 statueretque
1069 1573 1120 1622 se-

135 1656 229 1708 natus
249 1647 447 1722 permiserat,
465 1661 580 1719 magno
594 1644 760 1705 certamine
774 1661 845 1705 cnm
859 1652 1002 1719 praetore
1014 1642 1120 1704 babilo

134 1737 302 1794 tenuerunt
320 1744 457 1789 causam.
488 1745 573 1788 mma
591 1729 723 1788 reddere
743 1727 943 1801 Cenomanis,
968 1728 1120 1788 decedere

136 1814 301 1892 provincia
314 1821 440 1889 praetor
452 1813 567 1873 iussus.

222 1897 348 1972 Legatis
362 1895 475 1956 deinde
488 1896 644 1956 sociorum
653 1895 751 1956 Latini
765 1895 907 1967 nominis,
924 1896 977 1969 qui
988 1901 1053 1954 toto
1064 1910 1120 1954 un·

136 1984 234 2057 dique
247 1996 288 2039 ex
297 1980 384 2040 Latio
398 1981 575 2055 trequentes
588 1988 807 2053 convenerant,
821 1986 948 2040 senatus
962 1979 1052 2040 datus
1063 1985 1121 2038 est
1212 2025 1215 2030 .

135 2065 187 2126 bis
202 2064 402 2140 querentibus
414 2078 557 2138 magnam
566 2063 787 2124 multitudinem
801 2062 913 2123 civium
923 2079 1050 2123 snorum
1059 2063 1121 2122 Ro·

138 2165 221 2208 mam
236 2148 459 2224 commigrasse
472 2155 503 2207 et
516 2146 558 2207 ibi
572 2162 686 2208 censos
695 2163 776 2220 esse,
788 2146 823 2220 l).
833 2146 976 2206 'lerentio
986 2144 1123 2206 Culleoni

138 2231 277 2309 praetori
291 2231 447 2305 negotium
461 2230 566 2290 dotum
579 2237 637 2302 est,
650 2237 685 2290 ut
698 2245 754 2290 eos
769 2227 973 2303 conquireret,
990 2234 1021 2287 et
1031 2242 1124 2303 quem

139 2317 173 2379 C.
185 2314 314 2376 Claudio
323 2314 460 2374 illicio
475 2314 657 2373 censoribus
670 2320 782 2388 postve
792 2327 849 2372 eos
860 2326 1009 2371 censores
1019 2311 1122 2386 ipsum

139 2406 340 2476 parentemve
362 2398 430 2457 eins
450 2397 534 2472 apud
551 2411 588 2456 se
607 2412 734 2458 censum
748 2407 821 2456 esse
835 2394 1022 2471 probassent
1035 2393 1123 2467 socii,

139 2490 176 2544 ut
188 2483 292 2542 redire
307 2497 347 2542 eo
367 2486 493 2554 cogeret
505 2479 559 2539 ubi
576 2481 661 2540 censi
676 2486 790 2540 essent.
822 2479 881 2539 bac
897 2476 1124 2553 conquisitione

139 2565 306 2628 duodecim
321 2563 404 2623 milia
413 2563 588 2623 Latinorum
600 2564 711 2625 domos
721 2563 889 2634 redierunt,
904 2563 1038 2622 iamlam
1048 2561 1124 2621 mul-

139 2647 270 2712 titudine
284 2648 521 2722 alienigenarum
535 2646 643 2706 urbem
656 2653 814 2708 onerante.

227 2732 280 2791 tv.
302 2731 485 2805 Priusquam
496 2730 641 2790 consules
651 2729 788 2790 redirent
796 2732 935 2804 Romam,
945 2729 986 2789 bl.
998 2728 1125 2790 Fulvius

142 2816 313 2892 proconsul
334 2829 374 2874 ex
386 2813 509 2872 Aetolia
523 2811 618 2882 redil;
640 2813 731 2888 isque
748 2813 787 2872 ad
803 2812 912 2873 aedem
925 2812 1080 2887 Apollinis
1094 2809 1125 2870 in

141 2908 255 2962 senatu
269 2914 338 2958 cum
352 2897 392 2956 de
407 2896 504 2956 rebus
516 2896 547 2955 in
562 2897 684 2958 Aetolia
697 2895 956 2972 Cephalleniaque
970 2896 1009 2956 ab
1023 2911 1059 2956 se
1073 2910 1125 2970 ge

141 2985 201 3048 stis
221 2981 436 3054 disseruisset,
456 2979 533 3055 petil
545 2995 565 3039 a
579 2980 732 3055 patribus,
754 2986 789 3040 ul
801 2995 935 3055 acquum
954 2985 1126 3052 censerent,

142 3069 186 3130 ob
205 3083 272 3126 rem
291 3064 446 3141 publicam
465 3063 545 3123 bene
559 3078 596 3122 ac
611 3062 740 3123 feliciter
752 3070 872 3139 gestam
887 3071 918 3124 et
930 3064 989 3124 diis
1003 3065 1119 3122 immor

143 3151 256 3212 talibus
269 3150 419 3209 bonorem
431 3146 538 3207 baberi
552 3145 693 3207 iuberent
705 3155 737 3208 et
750 3147 809 3206 sibi
823 3147 1007 3223 triumphum
1020 3148 1127 3208 decer·

146 3240 264 3293 nerent
283 3233 324 3292 td
339 3229 475 3290 Aburius
490 3229 631 3290 tribunus
646 3232 754 3305 plebis,
771 3231 798 3291 si
814 3231 889 3306 quid
903 3232 943 3291 de
956 3247 995 3292 ea
1007 3246 1042 3290 re
1056 3236 1128 3289 ante

143 3318 186 3378 lt.
201 3315 323 3376 Aemilii
344 3311 482 3374 consulis
503 3314 668 3374 adventurn
689 3315 920 3384 decerneretur,
942 3315 1126 3375 intercessu·

144 3417 213 3462 rum
227 3416 264 3460 se
278 3396 426 3459 ostendit:
449 3411 518 3457 enm
533 3397 744 3458 contradicere
758 3399 851 3468 velle,
868 3398 1126 3474 proficiscentem·

146 3483 255 3558 quein
270 3479 459 3558 provinciam
473 3477 517 3539 ito
529 3479 588 3540 sabi
602 3481 777 3556 mandasse,
792 3488 826 3541 ut
839 3496 877 3541 ea
887 3475 1067 3554 disceptatio
1081 3477 1121 3536 in·

884 3573 899 3622 l
907 3567 922 3598 t
