2598 3956
285 199 399 261 LIBER
409 201 470 262 XL.
494 201 576 263 cAP.
590 210 634 265 tn.
648 211 692 266 46.
716 211 798 279 [κθ.
814 213 877 280 179]
1030 209 1072 274 93

89 350 224 426 Lepidus
238 350 378 428 pontifex
393 351 544 413 maximus
559 359 589 413 ct
602 351 642 412 M.
657 352 781 417 Fulvius
796 355 949 432 Nobilior,
969 359 1020 435 qui
1036 376 1075 421 cx

90 435 206 497 Aetolis
221 434 471 512 triumphaverat.
504 436 581 496 inter
594 436 653 498 hus
668 437 753 500 viros
769 438 888 502 nobiles
902 441 1075 506 inimicitiae

88 525 189 593 erant,
212 533 308 596 saepe
327 519 428 580 multis
444 527 475 581 et
488 520 518 581 in
533 527 641 582 senatu
657 529 687 582 et
701 521 741 584 ad
755 524 904 599 populum
918 527 1073 588 atrocibus

91 603 264 664 celebratae
284 601 510 665 certaminibus.
543 605 672 666 comitiis
695 607 859 680 conlectis,
881 615 914 669 ut
932 609 1074 670 auditum

89 685 254 763 antiquitus
276 694 337 762 est,
360 702 506 748 censores
527 688 558 748 in
573 688 688 764 campo
709 690 749 750 ad
768 706 852 750 aram
865 690 972 752 Martis
987 693 1072 753 sellis

89 769 245 831 curulibus
261 771 481 843 consederunt;
504 789 567 848 quo
582 779 708 847 repente
722 773 880 850 principes
896 781 1073 837 senatorum

87 869 157 914 cum
183 853 304 928 agmine
326 861 477 917 venerunt
495 855 640 930 civitatis,
666 857 744 917 inter
764 874 844 934 quos
866 857 900 932 Q.
922 857 1072 921 caecilius

87 937 227 998 Metellus
243 937 337 998 verba
351 937 431 1000 lecit.
458 939 562 999 XLVI.
585 955 667 1014 „non
683 939 767 1003 obliti
782 957 899 1017 sumus,
915 957 1072 1019 censores,

90 1037 148 1083 vos
168 1022 260 1097 paulo
282 1027 352 1082 ante
367 1021 406 1083 ab
421 1024 565 1084 universo
580 1024 698 1101 populo
711 1026 851 1087 Romano
865 1025 1002 1088 moribus
1017 1043 1072 1089 no·

89 1104 160 1166 stris
173 1104 370 1183 praepositos
385 1121 467 1181 esse,
481 1113 512 1167 et
526 1123 583 1168 nos
598 1125 617 1168 a
630 1107 720 1168 vobis
734 1115 766 1169 et
780 1108 938 1171 admoneri
950 1117 981 1172 et
993 1112 1069 1186 regi,

89 1205 150 1252 non
176 1204 235 1250 vos
256 1189 382 1250 anobis
406 1189 529 1252 debere.
562 1192 758 1254 indicandum
782 1199 883 1254 tamen
907 1199 971 1267 est,
998 1194 1072 1270 quid

90 1289 198 1334 omnes
212 1273 313 1334 bonos
327 1273 358 1332 in
372 1273 462 1335 vobis
476 1280 528 1334 aut
543 1273 679 1336 offendat
693 1281 744 1336 aut
759 1283 841 1337 certe
851 1284 998 1340 mutatum
1008 1293 1071 1337 ma·

87 1359 149 1420 lint.
172 1357 312 1432 singulos
324 1371 392 1417 cum
404 1358 563 1432 intuemur,
574 1356 615 1418 Μ.
626 1358 746 1434 Aemili,
758 1359 798 1418 Μ.
810 1358 907 1434 Fulvi,
919 1358 1072 1420 neminem

87 1440 179 1503 bodie
193 1441 224 1501 in
239 1440 359 1501 civitate
372 1439 536 1516 habemas,
559 1456 664 1517 quem,
679 1442 707 1502 si
720 1456 902 1503 revocemur
914 1443 945 1502 in
960 1441 1071 1504 suffra·

87 1526 185 1600 mum,
211 1524 340 1586 velimus
365 1523 454 1586 vobis
475 1524 643 1600 praelatum
664 1539 745 1587 esse.
777 1525 957 1587 ambacum
981 1527 1092 1592 simul.

88 1608 271 1685 aspicimus,
286 1624 349 1670 non
362 1624 531 1685 possumus
546 1625 607 1670 non
622 1609 736 1684 vereri,
753 1625 792 1670 ne
809 1610 888 1669 male
903 1609 1070 1686 comparati

87 1693 170 1767 sitis,
193 1707 251 1754 nec
264 1699 380 1754 tantum
396 1694 441 1753 rei
457 1692 599 1769 publicae
613 1693 711 1768 prosit
726 1694 808 1769 quod
824 1694 965 1755 omnibus
980 1695 1070 1755 nobis

86 1776 210 1852 egregie
224 1774 363 1852 placetis,
379 1792 471 1853 quam
487 1777 571 1853 quod
585 1776 758 1837 alteralteri
770 1777 1069 1852 displicetisnoceat

85 1859 257 1922 inimicitias
272 1877 329 1938 per
343 1876 442 1922 annos
456 1861 568 1922 multos
583 1859 672 1922 vobis
687 1860 765 1937 ipsis
780 1875 893 1936 graves
907 1865 937 1920 et
947 1867 1069 1922 atroces

85 1943 207 2020 geritis,
233 1960 315 2021 quae
339 1945 507 2022 periculum
526 1951 574 2006 est
595 1960 634 2005 ne
653 1960 693 2005 ex
713 1945 773 2006 hac
794 1944 844 2005 dle
865 1943 954 2006 nobis
975 1949 1005 2004 et
1024 1945 1069 2004 rei

86 2029 231 2104 publicae
256 2045 349 2105 quam
368 2028 458 2090 vobis
478 2029 637 2105 graviores
659 2030 741 2090 liant.
775 2029 814 2089 de
835 2028 945 2104 quibus
965 2027 1069 2089 causis

84 2113 146 2173 hoc
156 2113 326 2185 timeamus,
335 2112 430 2173 multa
441 2120 633 2188 succurrunt
641 2128 722 2188 qnae
733 2110 981 2188 dicerentur,nisi
993 2113 1070 2174 lorte

87 2195 296 2273 implacabiles
312 2194 430 2258 lucritis
443 2193 476 2237 **
488 2194 711 2273 implicaverint
727 2195 847 2255 animos
860 2203 992 2256 vestros.
1012 2197 1069 2254 has

87 2287 119 2340 ut
133 2279 240 2355 hodie,
255 2286 290 2341 ut
302 2277 333 2341 in
348 2279 408 2341 isto
423 2280 538 2357 templo
553 2279 666 2360 liniatis
680 2278 865 2353 simultates,
881 2292 1069 2354 quaesumus

84 2378 142 2424 vos
168 2364 318 2439 universi,
344 2370 374 2425 et
394 2378 475 2440 quos
494 2362 652 2427 coniunxit
670 2360 826 2438 suffragiis
847 2361 913 2423 suis
935 2362 1069 2437 populus

83 2449 257 2522 Romanus,
282 2447 341 2508 hac
362 2449 452 2508 etiam
475 2445 724 2510 reconciliatione
747 2445 864 2522 gratiae
884 2446 1028 2520 coniungi
1051 2461 1071 2504 a

83 2532 175 2593 nobis
197 2531 320 2604 sinatis;
348 2548 411 2593 uno
432 2532 549 2608 animo,
570 2546 632 2592 uno
652 2530 781 2592 consilio
796 2529 905 2605 legatis
920 2537 1068 2610 senatum,

83 2615 204 2693 equites
215 2614 414 2690 recenseatis,
422 2615 520 2691 agatis
532 2629 666 2688 censum,
675 2615 803 2675 lustrum
815 2612 969 2684 condatis;
985 2613 1071 2689 quod

82 2699 114 2760 in
136 2698 278 2760 omnibus
299 2701 364 2760 lere
385 2697 611 2776 precationibus
633 2696 849 2773 nuncupabitis
864 2696 967 2756 verbis
989 2704 1070 2771 „„ut

83 2799 123 2844 ea
133 2798 185 2843 res
197 2783 269 2844 mihi
281 2783 481 2859 collegaeque
496 2796 565 2842 meo
576 2781 656 2841 bene
668 2788 698 2842 et
709 2777 836 2839 feliciter
846 2778 995 2852 eveniat,“
1005 2783 1022 2812 ‘⁴
1037 2779 1069 2838 id

82 2867 127 2927 ita
140 2873 176 2927 ut
189 2881 276 2942 vere,
298 2873 333 2928 ut
347 2882 387 2927 ex
404 2866 505 2927 animo
519 2861 619 2926 velitis
634 2864 775 2936 evenire,
797 2859 1016 2938 elficiatlsque,
1037 2869 1071 2922 ut

84 2951 172 3025 quod
193 2950 270 3012 deos
285 2949 400 3026 pracati
414 2950 512 3024 eritis,
533 2948 565 3008 id
578 2963 636 3008 vos
650 2948 731 3009 velle
745 2946 835 3006 enam
848 2945 989 3007 homines
1005 2959 1071 3005 cre·

83 3036 205 3096 damus.
231 3034 264 3094 T.
278 3032 382 3096 Tabas
402 3042 434 3095 et
445 3032 610 3106 Romulus,
631 3028 765 3093 inanius
783 3026 869 3091 urbis
883 3028 985 3091 medio
1000 3029 1069 3091 loro

82 3117 153 3179 acle
173 3117 281 3180 nostes
302 3124 533 3192 concurrerant,
554 3114 596 3178 ibi
611 3113 784 3178 concordes
799 3118 974 3189 regnarunt.
1007 3129 1070 3174 nnn

82 3201 179 3263 modo
195 3199 380 3277 simultates,
400 3201 458 3262 sed
474 3202 555 3263 belia
569 3215 694 3276 qunque
711 3197 872 3259 liniuntur=
897 3213 936 3258 ex
949 3195 1069 3258 infestis

83 3285 228 3347 hostibus
255 3285 436 3361 plerumque
456 3284 533 3366 socii
553 3284 675 3355 fideles,
702 3281 853 3343 interdum
874 3279 964 3344 enam
986 3281 1069 3352 cives

83 3370 173 3430 liunt.
194 3367 305 3429 Albani
321 3362 420 3429 diruta
429 3369 510 3430 Alba
520 3369 649 3430 Romam
657 3364 788 3427 traducti
803 3371 883 3440 sunt,
893 3361 1001 3437 Latini,
1014 3361 1056 3423 Sa

82 3451 150 3513 bini
165 3453 195 3514 in
210 3449 361 3513 civitatem
376 3451 504 3527 accepti.
527 3453 681 3528 vulgatum
695 3449 868 3534 illucente
879 3462 985 3508 verum
996 3455 1069 3518 erat,
