2598 3956
199 231 262 295 122
313 284 317 292 .
368 183 484 290 arena
497 229 572 289 xm.
595 228 677 289 car.
693 237 792 291 aaa
815 233 935 303 [tue.
950 235 1013 302 aa]

196 384 290 445 boum
304 382 524 457 hominumque
538 381 701 440 vulturium
715 395 847 455 usquam
862 379 971 440 visum.
1002 380 1180 442 sacerdotes

196 467 310 546 publici
321 481 358 526 ea
369 465 542 542 pestilentia
551 463 661 524 mortui
673 470 744 524 sunt
755 463 807 522 Gn.
816 461 964 524 Servilius
979 463 1179 545 caepio-pon·
1290 483 1292 526 J

197 551 287 623 tiles,
308 556 395 626 pater
415 549 580 624 praetoris,
604 555 634 608 et
651 546 694 606 Tr.
718 546 917 623 Sempronius
937 546 980 607 li.
1001 547 1035 608 F.
1056 549 1179 626 Longus
1289 561 1290 596 1

196 634 350 694 decemvir
364 647 531 706 sacrorum,
547 639 577 693 et
589 631 622 691 P.
633 630 740 691 Aelius
752 631 862 692 Paetus
877 646 983 706 augur,
1000 631 1081 692 et'li.
1096 631 1180 694 Sem·
1289 679 1290 682 η

195 717 324 792 pronius
340 715 511 790 Gracchus,
527 714 603 776 etc.
620 715 739 775 Atellus
753 713 905 774 Mamilius
920 716 1004 775 curio
1019 716 1178 790 maximus,
1294 739 1295 742 ¹

195 809 226 861 et
239 800 280 860 Μ.
297 799 497 876 Sempronius
517 798 684 860 Tuditanus
707 797 854 874 pontifex.
884 799 1044 872 pontifices
1060 799 1179 861 suffecti

108 916 110 922 ·
194 891 268 945 sunt
282 883 312 944 G.
327 881 482 958 Sulpicius
495 882 591 943 Galba
601 882 634 921 **
644 883 674 942 in
689 884 791 944 locum
801 881 950 942 Tuditani.
973 897 1104 957 augmes
1116 885 1179 944 sui·

196 967 267 1028 leoli
282 968 398 1028 suntin
412 966 540 1028 Gracchi
551 969 651 1027 locum
661 965 693 1024 T.
704 966 851 1026 Veturius
864 965 1020 1027 Gracchus
1034 965 1178 1042 Sempro·

194 1051 320 1127 nianus,
342 1053 372 1110 in
387 1050 419 1112 P.
433 1049 513 1110 A‘elii
533 1049 567 1124 Q.
581 1049 689 1111 Aelius
703 1049 825 1110 Paetus.
853 1049 1008 1110 decemvir
1021 1065 1178 1112 sacrorum

194 1134 226 1194 G.
244 1131 445 1211 Sempronius
459 1135 593 1208 Longus,
610 1133 694 1202 curio
710 1135 860 1194 maximus
878 1133 910 1194 C.
926 1131 1106 1194 Scribonius
1120 1133 1177 1196 Gu-

193 1219 240 1278 rio
256 1218 415 1280 sufficitur.
450 1234 518 1279 curn
541 1217 734 1293 pestilentiae
753 1217 824 1278 finis
845 1232 906 1277 non
928 1218 1029 1290 fieret,
1051 1224 1177 1278 senatus
1294 1205 1295 1268 l

195 1302 346 1378 decrevit,
369 1303 412 1362 uti
428 1301 591 1362 decemviri
613 1301 708 1363 libros
724 1299 891 1380 Sibyllinos
914 1302 1042 1362 adirent.
1071 1316 1111 1362 ex
1125 1302 1177 1361 de·

194 1393 279 1447 creto
295 1401 400 1448 eorum
416 1387 495 1447 diem
510 1402 604 1446 unum
618 1385 800 1462 supplicatio
817 1385 880 1459 iuit,
895 1391 925 1445 et
940 1385 973 1460 Q.
985 1383 1100 1448 Marcio
1110 1384 1179 1446 Phi·

193 1469 279 1546 iippo
301 1471 396 1531 verba
420 1477 588 1545 praeeunte
610 1472 744 1545 populus
766 1470 796 1529 in
811 1470 879 1531 toro
902 1476 1006 1530 votum
1029 1463 1177 1545 concepit,

195 1554 220 1612 si
242 1555 369 1614 morbus
391 1552 625 1631 pestilentiaque
638 1550 685 1613 'ex
706 1569 780 1628 agro
801 1555 940 1614 Romano
965 1560 1066 1614 emota
1081 1560 1179 1628 esset,

193 1636 319 1697 biduum
334 1637 426 1697 terias
442 1653 479 1696 ac
494 1637 752 1713 supplicationem
766 1653 801 1697 se
811 1635 994 1698 habiturum.
1016 1637 1046 1696 in
1058 1635 1179 1696 Veienti
1294 1689 1295 1698 ,

92 1735 94 1738 ·
193 1737 268 1794 agro
286 1721 391 1796 biceps
407 1726 496 1780 natus
508 1737 593 1796 puer,
608 1727 637 1780 et
649 1719 817 1782 Sinuessae
826 1721 999 1795 unimanus,
1015 1727 1045 1780 et
1054 1720 1179 1780 Auximi
1294 1769 1295 1776 ,

159 1839 160 1842 =
193 1804 380 1878 puellarum
396 1804 552 1874 dentibus;
574 1811 604 1864 et
619 1819 709 1864 arcus
721 1805 852 1864 interdiu
863 1820 974 1866 screno
987 1805 1072 1866 caclo
1084 1819 1179 1880 super
1284 1873 1285 1876 Ἴ

146 1945 150 1952 .
193 1889 302 1948 aedem
314 1887 436 1948 Saturni
447 1889 477 1948 in
490 1889 557 1949 loro
568 1889 707 1950 Romano
718 1887 861 1963 intentus,
873 1895 904 1948 et
918 1895 980 1950 tres
992 1889 1082 1948 simul
1094 1887 1177 1949 soles

185 1970 381 2045 effulserunt,
398 1980 428 2032 et
442 1972 526 2032 iaces
538 1973 646 2032 eadem
657 1979 748 2032 nocte
758 1973 864 2048 plures
874 1988 932 2047 per
942 1974 1061 2033 caeltun
1071 1973 1178 2048 lapsae
1294 1983 1295 2042 j

194 2063 266 2115 sunt
281 2057 311 2115 in
325 2054 501 2126 Lanuvino;
524 2054 723 2131 Caeritesque
736 2071 867 2132 anguem
882 2055 912 2116 in
929 2055 1044 2139 oppido
1060 2071 1117 2116 suo
1132 2057 1177 2116 iu·
1294 2055 1295 2098 l

193 2136 310 2212 batum,
327 2138 429 2199 aureis
444 2139 572 2200 maculis
588 2155 744 2216 sparsum,
761 2142 945 2216 apparuisse
959 2138 1177 2210 adfirmabanta

192 2229 223 2282 et
236 2224 266 2283 iu
285 2239 359 2298 agro
377 2223 531 2300 Campano
552 2224 663 2284 bovem
681 2226 815 2286 locutum
830 2239 902 2285 esse
916 2225 992 2285 satis
1007 2224 1177 2286 constabat.

275 2307 367 2368 XXll.
390 2306 496 2382 Legati
517 2310 607 2369 nonis
631 2309 725 2368 Iuniis
746 2323 787 2368 ex
806 2309 911 2368 Atrica
931 2308 1101 2382 redierunt,
1124 2305 1178 2383 qui

194 2397 345 2450 eonvento
366 2390 453 2466 prius
467 2390 633 2451 Masinissa
652 2406 726 2464 rege
740 2390 950 2466 Carthaginem
965 2390 1076 2470 ierant=
1095 2397 1177 2450 oete·

190 2487 259 2531 rum
269 2472 381 2533 certius
393 2474 559 2548 aliquanto,
569 2490 648 2549 quae
656 2473 836 2548 Carthagine
848 2483 917 2536 aeta
927 2481 1040 2554 essent,
1053 2474 1092 2534 ab
1103 2487 1178 2546 rege

191 2555 360 2615 rescierant
380 2573 472 2630 quam
494 2555 531 2616 ab
552 2557 630 2633 ipsis
645 2554 954 2633 Carthaginiensibus.
988 2565 1176 2632 compertum

191 2645 293 2698 tamen
309 2639 547 2702 adfirmaverunt
561 2643 679 2716 legatos
694 2639 733 2700 ab
746 2656 820 2717 rege
833 2642 948 2702 Perseo
962 2641 1103 2712 venisse,
1124 2640 1175 2699 iis·

192 2737 253 2795 que
264 2730 357 2784 noctu
368 2732 507 2785 senatum
517 2725 548 2785 in
559 2725 637 2785 aede
648 2725 827 2805 Aesculapii
837 2727 941 2786 datum
952 2740 1033 2785 esse.
1053 2724 1092 2784 ab
1105 2722 1176 2784 Car·
1294 2727 1295 2766 t

190 2804 314 2880 thaginc
328 2809 445 2883 legatos
460 2809 491 2868 in
503 2808 714 2869 Macedoniam
729 2809 842 2884 missos
853 2817 883 2869 et
893 2825 948 2884 rex
962 2809 1178 2868 adfirmaverat

191 2891 293 2964 stipsi
307 2907 416 2965 parum
428 2899 605 2953 constanter
616 2901 810 2967 negaverant.
833 2893 863 2952 in
874 2890 1086 2952 Macedoniam
1098 2905 1174 2965 quo·

192 2987 253 3044 que
275 2972 438 3036 mittendos
460 2977 579 3049 legatos
600 2983 726 3035 senatus
748 2977 874 3036 censuit.
902 2982 965 3035 tres
985 2973 1073 3036 missi
1093 2983 1175 3048 sunt,
1294 2991 1295 2998 ¹

192 3053 222 3113 C.
238 3055 361 3117 Laelius
383 3057 423 3118 Μ.
438 3059 580 3119 Valerius
603 3058 749 3119 Messalla
772 3057 844 3120 Sex.
867 3057 1005 3134 Digitius.
1040 3057 1175 3119 Perseus

190 3153 246 3214 per
260 3138 293 3199 id
307 3147 437 3217 tempus,
455 3141 526 3216 quia
541 3141 665 3218 quidam
673 3143 826 3218 Dolopum
840 3157 902 3202 non
917 3143 1074 3218 parebant,
1090 3149 1122 3204 et
1136 3142 1176 3202 de

192 3223 303 3296 quibus
319 3225 528 3301 ambigebatur
542 3227 636 3287 rebus
651 3225 904 3303 disceptationem
919 3227 958 3287 ab
972 3243 1046 3302 rege
1060 3223 1100 3286 ad
1114 3226 1175 3286 Ro-

191 3323 300 3368 manos
321 3309 523 3385 revocabant,
545 3325 615 3372 eum
635 3311 772 3372 exercitu
787 3312 944 3386 protectus
959 3310 1017 3372 sub
1033 3312 1081 3372 ius
1096 3308 1174 3368 iudi-

191 3389 333 3468 ciumque
358 3409 446 3454 suum
471 3401 564 3455 totam
590 3393 690 3470 coegit
712 3403 841 3471 gentem.
874 3395 946 3456 inde
966 3389 1023 3470 per
1042 3393 1176 3454 Oetaeos
1294 3441 1295 3486 t

191 3482 309 3537 montes
330 3483 559 3555 transgressus
578 3479 776 3556 religionibus
798 3479 981 3556 quibusdam
1002 3476 1104 3540 animo
1119 3473 1176 3538 ob·-
