2598 3956
199 195 263 262 138
358 194 571 258 tlBEthll.
595 193 678 256 οΑΡ.
695 203 737 256 ιο.
750 186 792 255 11.
814 200 849 270 [a.
865 198 898 252 υ.
912 194 1009 270 aoso]

280 349 465 426 Principium
484 346 676 424 insequentis
697 346 783 420 anni,
805 361 867 422 quo
889 345 921 405 C.
935 342 1083 425 Popillius
1105 351 1135 406 et
1148 345 1185 406 P.

196 434 304 498 Aelius
319 435 441 498 luerunt
457 432 618 505 consules,
640 429 782 492 residuas
798 427 1009 491 contentiones
1024 444 1063 488 ex
1077 425 1186 504 priora

197 535 278 582 anno
293 517 407 580 habuit
443 523 545 592 patres
560 515 666 576 reterri
682 513 722 574 de
736 512 899 588 Liguribus
913 513 1117 588 renovarique
1132 528 1184 574 se

197 612 286 665 natus
302 602 475 664 consultum
491 597 641 674 volebant,
657 605 687 659 et
701 599 810 660 consul
820 597 928 660 Aelius
943 597 1103 658 referebat
1124 594 1183 656 Po·

197 687 299 763 pilllus
320 693 351 746 et
371 685 520 760 collegam
540 691 571 744 et
590 689 730 745 senatmn
750 697 808 758 pro
829 681 921 742 naue
942 679 1183 756 deprecabatur:

196 786 271 847 prae
287 784 322 830 se
336 770 450 841 ferens,
466 766 494 832 si
509 766 583 842 quid
598 766 806 838 decernerent,
825 765 1072 836 intercessurum,
1089 767 1182 827 colle-

197 870 267 929 gam
283 852 444 924 deterruit3
466 858 571 928 patres
586 865 624 912 co
639 849 737 924 magis
755 849 877 925 utrique
892 848 1005 924 pariter
1021 851 1183 910 consulum

196 937 308 998 intensi
329 937 359 997 in
380 935 503 1010 incepto
526 931 712 1010 perstabant:
748 932 852 1010 itaque
873 947 942 994 cum
958 932 997 993 de
1012 932 1182 1008 provinciis

197 1029 338 1096 ageretur
359 1026 389 1080 et
401 1017 583 1079 Macedonia
603 1016 663 1078 iarn
684 1016 856 1077 imminente
870 1014 974 1078 Persei
993 1017 1074 1077 bello
1097 1024 1181 1092 pete

196 1112 294 1177 retur,
314 1102 444 1178 Ligures
466 1099 616 1162 ambobus
637 1100 817 1162 consulibus
836 1100 1057 1162 decernuntur=
1080 1101 1181 1160 Mace-

197 1187 320 1249 doniam
340 1187 519 1248 decreturos
541 1193 667 1260 negant,
688 1183 718 1246 ni
740 1183 780 1248 de.
799 1183 839 1246 M.
854 1183 983 1261 Popillio
1006 1185 1181 1245 referretur.

196 1269 423 1348 postulantibus
436 1269 556 1344 deinde,
571 1277 604 1332 ut
617 1283 716 1332 novos
731 1265 884 1331 exercitus
898 1266 1033 1330 scribere
1044 1275 1098 1330 ant
1108 1285 1181 1344 sup-

197 1358 384 1432 plementum
395 1354 552 1417 veteribus
563 1353 677 1428 liceret,
691 1360 854 1428 utrumqne
865 1358 1007 1428 negatum
1019 1359 1076 1412 est.
1092 1367 1181 1428 prae·

195 1439 315 1501 toribus
341 1453 467 1516 quoque
487 1439 519 1499 in
539 1437 719 1514 Hispaniam
740 1437 985 1513 supplementum
1008 1436 1180 1512 petentibus

196 1531 355 1598 negatum,
373 1522 414 1582 Μ.
429 1522 514 1582 lunio
529 1523 559 1582 in
575 1521 760 1595 citeriorem,
782 1520 835 1597 Sp.
850 1520 991 1581 Lucretio
1013 1520 1043 1579 in
1058 1521 1180 1581 ulterio-

196 1623 271 1666 rem.
294 1606 325 1665 c.
341 1605 476 1666 Licinius
492 1605 622 1667 Crassus
636 1603 785 1666 urbanam
800 1603 1047 1678 iurisdictionem,
1064 1605 1116 1665 Cn.
1133 1603 1179 1664 Si·

197 1690 294 1750 cinius
311 1688 388 1750 inter
400 1687 580 1764 peregrinos
592 1695 657 1748 erat
668 1686 802 1760 sortitus,
819 1687 850 1748 C.
862 1687 1023 1750 Memmius
1036 1687 1179 1763 Siciliam,

196 1773 250 1850 Sp.
267 1773 391 1835 Cluvius
406 1771 586 1834 Sardiniam.
603 1772 760 1854 consules
776 1772 816 1834 ob
831 1773 950 1834 euirati
968 1773 1101 1848 senatui,
1121 1771 1179 1832 La·

168 1893 170 1896 -
196 1857 266 1918 tinis
289 1857 372 1918 leriis
393 1857 424 1918 in
446 1857 573 1932 primam
589 1870 742 1930 quamque
757 1855 836 1918 diem
850 1855 987 1931 indictis,
1009 1855 1040 1918 in
1055 1856 1178 1932 provin·

197 1943 273 2001 ciam
290 1941 426 2002 abituros
442 1955 513 2001 esse
528 1939 752 2014 denuntiarunt,
770 1953 827 2001 nec
843 1939 1007 2017 quicquam
1022 1941 1066 2002 rei
1081 1938 1179 2018 publi·

196 2039 251 2084 cae
272 2031 395 2085 acturos
418 2027 631 2100 praeterquam
653 2023 738 2099 quod
759 2024 798 2086 ad
813 2025 1037 2099 provinciarum
1051 2024 1178 2086 admini-

195 2108 372 2170 strationem
386 2109 534 2171 attineret.

278 2193 329 2254 XI.
351 2194 494 2268 Attalum,
509 2193 592 2269 regis
602 2192 747 2256 bunonis
763 2192 894 2266 lratrem,
911 2193 1043 2267 legatum
1054 2192 1178 2254 venisse

195 2279 323 2338 Romam
344 2275 486 2338 Valerius
507 2275 616 2338 Antias
640 2273 689 2339 his
711 2275 888 2339 consulibus
909 2275 1016 2340 scribit
1034 2276 1075 2337 ad
1094 2277 1177 2337 deie-

195 2361 290 2420 renda
311 2361 350 2420 de
364 2360 478 2422 Perseo
501 2361 627 2421 crimina
645 2358 891 2434 indicandosque
912 2368 1080 2436 apparatus
1095 2359 1177 2420 belli.

195 2444 325 2518 plurium
347 2444 489 2518 annales,
511 2443 665 2519 atquibus
687 2442 857 2504 credidisse
878 2443 981 2518 malis,
1003 2443 1104 2520 ipsum
1117 2443 1176 2506 Eu·

194 2541 313 2586 manem
328 2526 453 2588 venisse
467 2527 600 2588 uadunt.
622 2525 776 2588 Eumenes
791 2526 881 2602 igitur
894 2533 928 2588 ut
941 2527 1070 2589 Romam
1084 2527 1174 2603 venit,

194 2619 343 2686 exceptus
367 2626 435 2671 cum
457 2617 540 2672 tanto
560 2609 678 2671 honore
696 2617 842 2687 quantum
857 2627 918 2674 non
933 2611 1047 2672 meritis
1062 2618 1176 2674 tantum

193 2694 259 2753 eius
280 2695 336 2760 sed
351 2693 509 2756 beneflciis
525 2693 613 2756 etlam
630 2693 710 2769 suis,
732 2693 866 2770 ingentia
880 2695 1005 2770 quaein
1019 2709 1090 2756 cum
1104 2710 1176 2758 con·

192 2784 279 2852 gesta
293 2783 394 2853 erant,
416 2779 603 2840 existimaret
617 2776 722 2840 deberi
737 2779 872 2855 populus
886 2778 1059 2854 Romanus,
1082 2778 1113 2840 in
1128 2794 1176 2840 se

192 2868 295 2923 natum
306 2869 355 2922 est
365 2863 566 2925 introductus.
582 2879 707 2925 causam
717 2861 859 2924 veniendi
873 2860 931 2924 sibi
938 2863 1068 2924 Romam
1079 2862 1176 2924 luisse

192 2942 268 3005 dixit
281 2953 403 3020 praeter
422 2947 617 3022 cupiditatem
632 2947 752 3010 visendi
768 2947 845 3009 deos
859 2945 1077 3023 hominesque,
1099 2963 1176 3023 quo·

190 3042 257 3086 rum
278 3028 428 3090 beneficio
444 3029 474 3090 in
490 3045 528 3090 ea
542 3030 663 3091 fortuna
677 3034 775 3105 esset,
797 3046 892 3105 supra
907 3046 999 3107 quam
1014 3046 1054 3092 ne
1069 3039 1176 3106 optare

192 3110 316 3184 quidem
328 3113 462 3184 auderet,
476 3115 564 3174 etiam
576 3121 610 3173 ut
619 3128 721 3174 coram
732 3121 870 3175 moneret
881 3120 1020 3175 senatum
1031 3113 1175 3176 utPersci

191 3193 310 3256 conatis
326 3192 449 3256 obviam
464 3196 529 3258 iret.
554 3212 645 3258 orsus
661 3196 733 3258 lnde
745 3213 763 3258 a
773 3195 904 3274 Philippi
919 3198 1055 3261 consiliis
1068 3213 1176 3259 necem

189 3269 333 3338 demetrii
346 3277 400 3339 dlii
414 3279 527 3340 rettulit
541 3278 733 3342 adversantis
744 3281 884 3344 Romano
895 3280 986 3344 bello.
1007 3281 1172 3344 Bastarna·

190 3377 258 3422 rum
272 3366 393 3438 gentem
408 3361 539 3424 excitam
554 3361 682 3425 sedibus
698 3364 778 3438 suis,
796 3379 925 3441 quorum
940 3363 1061 3433 auxiliis
1076 3366 1173 3427 lratus

189 3446 221 3504 in
240 3446 355 3506 ltaliam
375 3448 530 3508 transirem
558 3448 635 3510 haec
656 3463 726 3510 eum
746 3448 932 3511 volutantem
953 3449 984 3511 in
999 3449 1100 3511 animo
1115 3466 1171 3525 op-
