2598 3956
290 241 404 305 ιιΒΕιι
418 243 505 304 ituit.
526 245 719 306 cethaeas.
743 237 823 318 [ac.
837 252 899 320 ιιι]
1017 245 1079 312 ιιι

102 407 150 464 est
163 396 283 474 deinde,
300 413 339 458 na
353 413 435 459 novo
450 397 540 471 betto,
561 403 623 458 tam
638 397 814 475 propinquo
828 399 946 472 ltaliae,
968 402 1076 464 adver-

103 501 156 546 sus
175 499 280 559 regern
294 480 553 560 potentissimum,
576 488 628 541 aut
641 477 779 543 tribunos
794 483 919 544 militum
934 485 1078 546 ditectum

102 567 247 629 habentes
258 565 448 640 impedirent,
460 571 513 625 aut
522 563 719 639 prohiberent
732 566 899 641 consulem,
911 583 1000 642 quem
1013 570 1076 630 cui·

103 667 161 726 que
173 651 312 713 ordinem
327 647 482 722 adsignari
495 661 512 707 e
526 661 560 706 re
575 648 695 723 publica
710 657 802 722 esset,
819 666 888 708 eum
902 651 1075 726 adsignare.

102 736 128 795 si
148 733 223 810 quid
243 733 274 793 in
296 748 333 792 ea
352 747 386 791 re
411 729 537 791 dubium
562 738 660 806 esset,
686 732 726 792 ad
751 741 891 794 senatum
916 735 1074 798 reicerent
1133 804 1135 808 ,

93 817 232 878 XXXIV.
254 820 421 893 postquam
436 816 544 876 consui
559 830 639 890 quae
652 817 791 877 voluerat
804 815 894 890 dixit,
916 815 970 892 Sp.
985 818 1075 894 Ligu·

99 901 198 962 minus
218 915 258 960 ex
279 915 316 960 eo
337 914 473 970 nurnero,
499 897 551 974 qui
565 899 704 958 tribunos
719 900 818 974 plebis
834 901 1075 976 appellaverant,

100 985 259 1046 aoonsuie
273 989 303 1043 et
317 982 355 1042 ab
370 981 499 1043 tribunis
514 980 609 1057 petiit,
623 991 662 1050 ut
677 981 736 1043 sibi
751 983 858 1057 paucis
873 983 911 1044 ad
928 985 1076 1060 poputum

98 1082 190 1146 agere
210 1067 324 1128 liceret.
347 1065 501 1142 permissu
520 1065 653 1126 omnium
672 1067 714 1125 ita
734 1067 853 1127 locutus
875 1067 979 1128 fertur.
999 1067 1074 1145 „Sp.

98 1150 272 1228 Ligustinus
293 1150 391 1210 tribus
411 1148 620 1210 Crustuminae
640 1165 680 1208 ex
696 1148 817 1210 Sabinis
833 1166 901 1210 sum
917 1151 1075 1228 oriundus,

99 1234 237 1310 Quirites.
260 1240 348 1309 pater
367 1232 440 1293 mihi
461 1233 599 1307 iugerum
620 1233 685 1308 agri
704 1233 826 1308 reliquit
840 1241 870 1294 et
884 1249 1012 1308 parvum
1028 1244 1073 1298 tu·

97 1319 231 1394 guium,
256 1317 285 1377 in
315 1333 377 1394 quo
404 1322 493 1376 natus
515 1315 728 1391 educatusque
746 1333 829 1386 sum;
857 1317 1013 1393 hodieque
1033 1318 1076 1380 ibi

97 1402 210 1463 habito.
233 1415 302 1476 cum
323 1400 453 1476 primum
468 1399 499 1458 in
514 1405 645 1460 aetatem
657 1400 736 1474 veni,
758 1407 846 1475 pater
859 1400 931 1460 mihi
945 1417 1075 1464 uxorem

98 1485 198 1547 fratris
219 1484 267 1546 sui
287 1483 382 1546 filiam
402 1481 500 1555 dedit,
524 1497 604 1557 quae
625 1498 730 1543 secum
752 1483 825 1544 nihii
842 1484 939 1544 attulit
953 1493 1075 1559 praeter

97 1569 263 1630 libertatem
275 1566 524 1644 pudicitiamque,
539 1572 571 1626 et
582 1581 649 1625 cum
660 1565 707 1626 his
718 1566 943 1641 fecunditatem,
961 1575 1075 1645 quanta

97 1653 146 1714 vel
165 1653 196 1714 in
218 1645 273 1713 diti
294 1652 387 1712 domo
407 1650 481 1710 satis
505 1657 597 1711 esset.
621 1665 678 1710 sex
698 1649 752 1711 titii
765 1650 871 1724 nobiS,
898 1652 978 1712 duae
993 1651 1074 1712 tiliae

96 1744 175 1810 sunt
190 1742 339 1812 anaeque
353 1734 412 1795 iam
427 1741 550 1810 nuptae.
573 1734 625 1794 filii
642 1739 786 1811 quattuor
798 1741 887 1810 togas
903 1735 1006 1796 viriles
1020 1735 1072 1795 ha-

96 1818 182 1896 bent,
205 1819 267 1881 duo
290 1818 472 1895 praetextati
486 1824 567 1878 sunt.
590 1819 676 1878 miles
692 1834 762 1878 sum
776 1817 876 1880 iaetus
889 1817 921 1878 P.
936 1817 1073 1894 Sulpicio

97 1905 127 1965 ti.
142 1903 268 1965 Aurelio
284 1901 472 1964 consulibus.
495 1902 525 1961 in
541 1917 579 1962 eo
595 1902 739 1974 exercitu,
755 1902 807 1978 qui
818 1901 849 1962 iu
860 1901 1073 1963 Macedoniam

96 1995 142 2050 est
156 1993 396 2063 transportatus,
421 1984 576 2046 biennium
589 1986 675 2046 miles
691 1987 848 2061 gregarius
864 1986 907 2045 fui
923 1985 1073 2047 adversus

97 2069 267 2148 enittppum
297 2085 417 2146 regem3
455 2068 545 2131 tertio
577 2085 656 2130 anno
680 2069 799 2130 virtutis
825 2085 919 2131 causa
941 2069 1015 2129 mihi
1039 2070 1072 2130 T

94 2153 446 2229 QurncttusFlamrnmus
458 2153 607 2214 decimum
620 2151 759 2213 ordinem
770 2151 920 2213 hastatum
930 2153 1072 2226 adsigna
1094 2144 1106 2166 ⁰

95 2239 146 2300 vit.
181 2237 301 2300 devicto
332 2237 472 2314 Philippo
497 2235 784 2322 Macedonibusque
809 2251 879 2296 cum
902 2236 932 2294 in
957 2235 1072 2296 Italiam

93 2323 206 2398 portati
228 2339 265 2384 ao
286 2321 402 2384 dimissi
425 2335 581 2394 essemus,
610 2310 753 2381 continuo
774 2317 861 2380 miles
881 2319 1073 2381 voluntarius

93 2421 165 2469 cum
177 2405 218 2466 Μ.
238 2405 346 2467 Porcio
368 2403 519 2467 consule
510 2421 541 2464 tn
556 2403 735 2478 Hispaniam
749 2419 818 2464 sum
832 2403 1000 2478 proiectus
1020 2418 1073 2462 ne·

92 2491 206 2552 minem
220 2491 356 2551 omnium
365 2487 591 2566 imperatorum,
605 2488 657 2564 qui
669 2487 780 2560 vivant,
790 2487 943 2548 acriorem
953 2485 1073 2548 virtutis

94 2580 302 2651 spectatorem
317 2589 354 2634 ac
369 2572 502 2634 iudicem
516 2572 613 2634 fuisse
629 2569 729 2633 sciunt
744 2571 795 2646 qui
809 2578 840 2633 et
853 2571 936 2632 iilum
951 2579 982 2632 et
995 2571 1072 2630 alios

93 2658 191 2720 duces
205 2657 299 2733 ionga
309 2656 414 2718 militia
428 2656 547 2732 experti
557 2663 637 2718 sunt.
652 2655 701 2715 hic
711 2671 760 2716 me
770 2656 937 2731 imperator
948 2653 1073 2728 dignum

92 2740 250 2814 iudicavit,
265 2740 314 2804 oui
329 2742 458 2817 primum
473 2740 624 2801 hastatum
640 2737 751 2814 prioris
764 2738 918 2798 centuriae
929 2736 1072 2811 adsigna-

92 2832 149 2887 ret.
178 2825 266 2887 tertio
286 2823 394 2887 iterum
415 2825 605 2886 voluntarius
627 2823 714 2883 miles
734 2824 832 2883 iactus
854 2836 923 2882 sum
947 2819 978 2878 in
1003 2835 1073 2880 eum

92 2908 271 2983 exercitum,
289 2907 342 2984 qui
357 2909 507 2969 adversus
522 2909 650 2968 Aetolos
666 2914 696 2968 et
708 2904 892 2968 Antiochum
906 2917 1010 2978 regem
1024 2909 1073 2962 est

92 2993 220 3055 missus.
242 3010 261 3053 a
279 2993 330 3053 Μ’.
344 2991 444 3053 Acilio
465 2991 537 3052 mihi
552 2991 668 3068 primus
683 2991 827 3067 princeps
843 2988 953 3065 prioris
968 2991 1072 3048 centu·

92 3079 159 3139 riae
172 3082 222 3139 est
235 3077 425 3152 adsignatus.
448 3076 581 3152 expulso
596 3089 669 3150 rege
683 3074 845 3148 Antiocho,
861 3070 997 3135 subactis
1011 3073 1072 3132 Ae·

90 3160 166 3222 tolis
186 3160 334 3237 reportati
355 3175 463 3240 sumus
484 3161 514 3220 in
536 3155 668 3228 italiama
700 3167 730 3220 et
751 3156 899 3232 deinceps
920 3157 969 3218 bis
993 3171 1072 3232 quae

92 3261 197 3306 annua
221 3244 377 3305 merebant
401 3245 538 3318 legiones
565 3241 718 3318 stipendia
739 3243 806 3302 ieci.
839 3239 888 3301 his
909 3240 1020 3301 deinde
1040 3237 1070 3297 iu

90 3328 244 3405 Hispania
253 3327 377 3388 mrhtavr
380 3327 548 3403 ,.semelQ
559 3327 666 3388 Fulvio
676 3325 797 3401 Flacco
812 3326 920 3388 lterum
931 3324 973 3384 Tr
987 3321 1071 3382 Sem-

92 3413 205 3496 pronio
229 3411 367 3474 Graccho
389 3418 539 3487 praetore.
568 3427 587 3471 a
606 3409 716 3471 Flacco
738 3409 816 3469 inter
830 3415 965 3477 ceteros,
992 3417 1071 3479 quos

91 3493 214 3558 virtutis
230 3511 444 3558 causasarum
459 3494 497 3556 ad
512 3492 695 3569 triumphum
711 3493 896 3559 deducebat
919 3488 1071 3548 deductus
1130 3555 1133 3561 ¹
