2570 3952
310 226 503 288 EPITOMAE
518 225 720 286 LIBRORUM
735 225 970 286 CXVl-CXXL
1067 227 1127 292 317
1143 255 1144 262 ¹

145 379 195 418 eins
215 376 357 430 Capitolium.
378 375 492 417 oblivione
512 374 593 416 deinde
613 375 687 416 caedis
707 377 754 416 eius
769 387 781 415 a
795 379 873 416 senatu
889 375 990 426 decreta,
1012 378 1129 421 obsidibus

145 431 235 473 Antonii
251 433 273 471 et
288 430 365 484 Lepidi
380 431 459 471 liberis
473 431 573 483 acceptis
587 430 694 470 coniurati
713 440 726 470 a
742 430 852 483 Capitolio
868 429 1037 474 descenderunt.
1059 435 1126 474 testa.

145 488 219 527 mente
235 485 338 526 Caesaris
353 483 418 524 heres
433 495 461 524 ex
475 487 538 534 parte
554 483 644 524 dimidia
659 485 774 525 institutus
789 485 814 526 C.
830 484 937 525 Octavius
951 487 1035 526 sororis
1049 497 1126 540 nepos,

145 543 169 580 et
183 541 205 580 in
219 550 298 580 nomen
314 538 435 592 adoptatus
449 541 491 578 est.
512 537 616 579 Caesaris
630 547 711 588 corpus
725 549 773 578 curu
789 540 810 579 in
827 549 927 591 campum
941 539 1044 580 Martium
1060 540 1127 582 ferre·

145 598 193 644 tur,
209 605 222 634 a
236 593 303 644 plebe
318 596 370 633 ante
383 595 455 632 rostra
469 594 588 632 crematum
603 595 646 636 est.
667 592 790 632 dlctaturae
808 591 879 632 bonos
895 594 915 632 iu
931 597 1060 646 perpetuum
1076 597 1127 635 sub-

144 649 204 689 latus
219 651 261 690 est.
278 646 303 688 C.
319 648 433 696 Amatius,
448 645 584 686 humillimae
598 647 666 687 sortis
681 645 757 696 bomo,
774 646 812 698 qni
826 656 851 686 se
866 646 890 688 C.
908 647 973 688 illarii
988 647 1056 688 fillum
1071 649 1126 690 fere·

143 702 189 752 bat,
206 712 254 742 eum
269 701 329 753 apud
345 700 456 741 credulam
472 699 560 753 plebem
575 700 698 741 seditiones
713 703 819 750 moveret,
836 704 929 740 necatus
944 705 985 742 est.

198 755 283 796 cxvii.
299 755 324 800 C.
334 755 442 796 Octavius
455 756 546 797 Rornam
561 766 589 795 ex
604 753 673 806 Epiro
688 755 750 795 verrit
765 756 800 805 (eo
818 757 874 794 enim
891 755 953 794 illum
969 757 1051 798 caesar
1064 769 1126 809 prae-

143 812 246 858 miserat,
261 809 344 850 bellum
359 810 381 849 in
396 809 526 849 Macedonia
541 811 665 860 gesturus),
685 808 840 859 ominibusque
855 809 967 860 prosperis
984 813 1127 862 excepisset

143 875 223 904 nomen
239 863 341 904 Caesaris
355 863 458 914 sumpsit.
479 864 501 902 in
517 863 647 904 confusione
661 873 734 903 rerum
749 873 775 902 ao
788 863 885 903 tumultu
901 861 999 914 Lepidus
1013 864 1126 914 pontifica-

143 921 189 958 tum
205 918 322 957 maximum
336 917 461 968 intercepit.
476 917 516 958 sed
531 917 561 958 Μ,
574 919 684 958 Antonius
698 917 777 958 consul
793 928 841 958 cum
856 917 991 968 impotenter
1005 916 1127 962 dominare·

141 977 192 1021 tur,
212 970 328 1023 legemque
343 970 371 1012 de
385 973 548 1023 permutatione
563 971 726 1024 provinciarum
741 972 840 1024 pervim
856 971 956 1019 tulisset,
973 973 996 1012 et
1010 971 1126 1014 Caesarem

143 1036 232 1078 quoque
246 1027 366 1076 petentem,
382 1027 407 1064 ut
420 1026 464 1066 sibi
479 1025 586 1066 adversus
601 1035 744 1078 percussores
758 1024 864 1065 avunculi
878 1025 978 1074 adesset,
994 1030 1080 1078 magnis
1094 1027 1126 1066 in·

142 1081 206 1121 iuriis
221 1079 353 1128 adfecisset,
369 1078 453 1119 Caesar
468 1084 491 1120 et
504 1081 548 1120 sibl
563 1081 631 1120 atrei
646 1080 750 1132 publicae
765 1079 825 1122 vires
841 1079 959 1120 adversum
975 1092 1024 1120 enm
1039 1083 1126 1133 paratu·

141 1145 180 1175 rus
203 1132 312 1174 deductos
334 1135 356 1174 ln
378 1133 476 1173 colonias
498 1137 616 1175 veteranos
638 1133 753 1177 excitarit.
775 1133 876 1186 legiones
898 1144 987 1186 quoque
1005 1138 1084 1186 quarta
1105 1137 1127 1174 ct

142 1189 224 1230 llIartia
238 1189 301 1239 signa
313 1188 339 1226 ab
353 1188 447 1228 Antonio
464 1187 491 1226 ad
503 1187 619 1228 Caesarem
635 1188 741 1229 tulerunt.
758 1187 839 1229 deinde
853 1192 876 1228 et
891 1188 1016 1240 complures
1031 1190 1127 1230 saevitia

143 1243 176 1285 Μ.
192 1243 294 1289 Antonii,
312 1243 392 1292 passim
408 1242 429 1280 in
446 1241 525 1281 castris
539 1243 586 1281 suis
601 1242 733 1282 trucidantis
748 1242 786 1294 qui
801 1244 901 1294 suspecti
917 1245 987 1292 erant,
1002 1242 1031 1282 ad
1046 1243 1126 1283 Caesa·

142 1307 189 1336 rem
204 1295 353 1335 desciverunt.
374 1295 402 1336 D.
419 1294 507 1343 Brutus,
523 1299 547 1336 ut
562 1297 645 1347 petenti
661 1296 796 1346 Cisalpinam
812 1295 909 1336 Galliam
923 1297 1018 1336 Antonio
1033 1297 1127 1336 obsiste-

143 1354 190 1398 ret,
209 1349 315 1388 illutinam
330 1359 379 1388 eum
393 1349 493 1388 exercitu
508 1351 632 1400 occuparit.
652 1353 768 1401 praeterea
787 1349 910 1390 discursum
926 1350 1127 1403 utriusquepartis

143 1405 241 1443 virorum
255 1402 283 1442 ad
297 1400 440 1454 accipiendas
454 1404 580 1453 provincias
594 1406 760 1456 apparatusque
774 1401 829 1444 belli
844 1403 951 1442 continet.

197 1456 292 1498 cxviii.
312 1456 343 1496 Μ.
363 1455 445 1495 Brutus
464 1457 486 1496 in
508 1457 601 1498 Graecia
619 1459 659 1497 sub
679 1459 798 1510 praetextu
818 1457 851 1498 rei
872 1457 975 1509 publicae
990 1458 1013 1496 et
1027 1454 1126 1508 suscepti

143 1512 220 1552 contra
234 1511 264 1551 ill.
279 1511 398 1550 Antonium
419 1509 471 1550 belli
494 1511 625 1560 exercitum,
647 1512 681 1552 cni
696 1511 798 1552 Vatinius
813 1516 927 1563 praeerat,
947 1521 996 1551 cum
1011 1509 1125 1561 provincia

143 1567 164 1606 in
181 1567 314 1616 potestatem
328 1575 391 1606 suam
406 1563 499 1617 redegit.
517 1567 542 1609 c.
552 1565 649 1616 Caesari,
666 1567 704 1618 qul
720 1576 760 1618 pro
776 1565 903 1618 republica
919 1576 979 1606 arma
993 1566 1125 1616 sumpserat,

143 1620 292 1672 propraetoris
306 1619 421 1671 imperium
442 1630 455 1658 a
474 1623 551 1660 senatu
567 1619 641 1660 datum
657 1623 692 1660 est
707 1631 755 1660 cum
770 1620 925 1661 consularibus
940 1619 1074 1660 ornamentis
1088 1616 1126 1656 ad·

143 1675 281 1726 lectumque,
298 1676 322 1713 ut
336 1678 425 1714 senator
440 1676 507 1714 esset.
523 1675 553 1714 Μ.
569 1675 679 1715 Antonius
693 1673 723 1716 D.
738 1676 829 1716 Brutum
844 1674 944 1714 illutinae
959 1671 1060 1722 obsedit,
1075 1673 1125 1711 mis·

141 1729 206 1822 titt
224 1727 323 1834 stult
341 1727 530 1833 tltltbitti
550 1728 650 1835 tritta
665 1729 849 1824 timidius
864 1726 1126 1833 ttltt‘btttltf

145 1839 269 1888 praetorem
284 1847 333 1876 cum
348 1836 448 1876 exercitu
462 1837 568 1888 potestati
582 1847 636 1876 suae
651 1837 754 1879 subiecit.
1067 1848 1070 1852 ·

197 1889 272 1931 cxlx.
289 1890 314 1931 C.
330 1889 451 1930 Trebonius
467 1891 488 1930 in
504 1892 557 1930 Asia
571 1889 648 1930 fraude
663 1891 689 1930 P.
703 1889 836 1932 Dolabellae
850 1890 937 1929 occisus
952 1892 994 1929 est.
1013 1887 1041 1928 ob
1057 1886 1079 1925 id
1094 1887 1124 1926 fa-

143 1943 207 1984 cinus
221 1942 340 1983 Dolabella
359 1956 372 1983 a
390 1945 469 1984 senatu
490 1942 563 1984 bostis
583 1943 694 1985 iudicatus
709 1948 751 1985 eat.
772 1955 819 1985 eum
834 1944 908 1984 Pansa
922 1941 1000 1984 consul
1015 1940 1073 1982 male
1087 1939 1124 1980 ad-

142 2007 221 2038 versus
240 1998 357 2038 Antonium
377 2000 510 2049 pugnasset,
530 1999 556 2042 A.
576 1998 660 2039 Hirtius
680 1999 757 2038 consul
776 2011 826 2040 cum
844 1997 943 2038 exercitu
964 1994 1126 2049 superveniens

143 2051 200 2090 fusis
213 2051 244 2091 Μ.
257 2051 345 2090 Antonii
360 2051 431 2102 copiis
446 2050 556 2091 fortunam
571 2055 687 2102 utriusque
702 2053 771 2104 partis
785 2056 898 2104 aequavit.
915 2053 987 2092 ricius
1002 2049 1083 2090 deinde
1097 2049 1124 2088 ab

143 2103 215 2144 Hirtio
229 2105 252 2144 et
267 2105 363 2146 caesare
378 2106 488 2145 Antonius
507 2107 528 2145 in
545 2105 640 2146 Galliam
655 2107 766 2157 confugit,
783 2111 809 2148 -et
824 2107 854 2147 Μ.
869 2106 976 2158 Lepidum
992 2116 1040 2145 curn
1056 2103 1124 2153 legin-

143 2160 218 2208 lribus,
239 2168 297 2210 quae
319 2159 360 2198 snb
381 2159 431 2209 ipso
447 2161 521 2208 erant,
542 2158 584 2199 sibi
601 2160 684 2209 iunxit3
703 2159 818 2211 hostisque
834 2173 847 2200 a
865 2163 945 2200 senatu
959 2169 1009 2199 cum
1023 2158 1124 2197 omnibus

144 2214 181 2264 qui
197 2213 255 2252 iutra
270 2211 382 2264 praesidia
397 2213 445 2252 eius
460 2214 536 2252 essent
550 2213 659 2253 iudicatus
674 2215 715 2254 cst,
730 2217 756 2256 A.
772 2215 869 2264 Hirtius,
890 2214 928 2266 qui
943 2215 994 2264 post
1008 2212 1124 2252 victoriam

142 2267 164 2307 ln
180 2265 236 2318 ipsis
251 2265 346 2306 bostium
362 2267 442 2306 castris
457 2266 580 2316 ceciderat,
601 2270 624 2306 et
638 2266 663 2307 c.
678 2266 752 2306 Pansa
768 2269 898 2318 evaluere,
920 2265 979 2318 quod
995 2267 1017 2306 in
1032 2264 1125 2305 adverso

142 2321 226 2374 proelio
247 2323 379 2372 exceperat,
401 2319 531 2368 defunctus,
551 2321 572 2360 in
593 2331 670 2372 campo
691 2321 771 2362 Martio
791 2321 874 2374 sepulti
893 2323 952 2362 sunt.
972 2319 1080 2360 adversus
1095 2319 1121 2362 C.

143 2377 270 2423 Caesarem,
291 2375 329 2426 qul
344 2374 405 2414 solus
421 2386 433 2414 e
447 2374 518 2414 tribus
534 2373 627 2415 ducibus
640 2378 768 2426 supererat,
789 2387 865 2428 parum
880 2377 955 2427 gratus
969 2377 1061 2416 senatus
1076 2373 1124 2422 fult,

142 2429 181 2481 qul
202 2428 231 2468 D.
246 2428 316 2468 Bruto
335 2428 451 2468 obsidione
466 2428 587 2468 Mutinensi
608 2441 621 2468 a
636 2430 731 2471 Caesare
751 2429 844 2470 liberato
863 2429 948 2470 bonore
967 2425 1073 2480 triumphi
1087 2426 1123 2465 de-

141 2484 216 2532 creto,
236 2481 338 2523 Caesaris
357 2483 496 2534 militumque
519 2483 568 2523 elus
586 2483 719 2524 mentionem
740 2493 782 2523 non
802 2485 858 2524 satis
877 2486 961 2536 gratam
983 2481 1073 2530 babuit;
1096 2480 1124 2520 ob

142 2547 198 2588 quae
214 2537 238 2579 C.
255 2535 343 2587 Caesar,
359 2537 502 2578 reconciliata
516 2538 594 2589 perM.
603 2536 711 2589 Lepidum
725 2548 774 2578 curn
789 2537 820 2579 Μ.
829 2539 925 2578 Antonio
939 2539 1017 2588 gratia,
1032 2537 1124 2577 Romam

141 2603 190 2631 cum
205 2591 304 2631 exercitu
320 2591 391 2640 venit,
412 2594 434 2632 ct
452 2591 564 2644 perculsis
578 2591 676 2632 adventu
691 2592 739 2631 eius
754 2592 794 2641 iis,
814 2593 852 2644 qul
866 2593 889 2632 irr
903 2604 953 2634 enm
967 2592 1039 2644 iniqui
1054 2591 1122 2637 erant,

141 2657 190 2686 cum
205 2655 273 2685 annos
288 2645 440 2686 novemdecim
455 2645 554 2696 baberet,
570 2646 647 2686 consul
662 2647 749 2686 creatus
763 2649 805 2686 est.

195 2697 261 2739 CXX.
281 2697 363 2738 Caesar
377 2699 455 2740 consul
470 2699 541 2752 legem
556 2699 608 2740 tulit
622 2699 650 2740 de
665 2701 796 2752 quaestione
810 2699 913 2742 habenda
927 2701 949 2741 ln
966 2710 1015 2750 eos,
1031 2710 1123 2752 quorum

141 2761 209 2803 opera
228 2755 292 2804 pater
311 2753 398 2792 occisus
418 2756 489 2802 esset,
510 2753 663 2805 postulatique
684 2765 710 2793 ea
729 2753 778 2804 lege
797 2755 828 2797 Μ.
845 2756 928 2796 Brutus
947 2753 972 2796 C.
988 2753 1079 2794 Cassius
1094 2753 1122 2796 l).

141 2806 223 2846 Brutus
238 2807 341 2847 absentes
356 2806 453 2847 damnati
468 2811 527 2848 snut.
547 2817 596 2847 cum
610 2808 642 2848 Μ.
657 2807 751 2848 Antonio
766 2808 826 2848 vires
841 2808 931 2849 Asinius
945 2817 1035 2859 quoquc
1050 2807 1123 2847 Pollio

141 2863 164 2901 ct
179 2860 292 2902 lllnnatius
307 2859 403 2901 Plancus
418 2872 467 2902 curn
482 2862 617 2902 exercitibus
631 2860 679 2900 suis
698 2860 797 2902 adiuncti
810 2861 967 2913 ampliasreut,
988 2864 1010 2902 et
1024 2859 1053 2904 D.
1069 2859 1123 2901 Bru-

140 2917 189 2964 tus,
205 2917 240 2956 cui
255 2917 346 2956 senatus
361 2917 385 2955 ut
399 2917 571 2969 persequeretur
587 2915 705 2956 Antonium
720 2914 875 2965 mandaverat,
897 2917 989 2957 relictus
1004 2926 1017 2955 a
1033 2913 1123 2966 legioni-

142 2967 182 3008 bus
196 2971 244 3010 suis
257 2967 406 3022 profugisset,
426 2970 489 3010 iussu
502 2970 606 3018 Antonii,
621 2965 644 3009 ln
659 2969 721 3009 cuius
736 2971 870 3021 potestatem
884 2973 988 3019 venerat,
1005 2981 1018 3010 a
1033 2968 1123 3021 Capeno

141 3021 246 3072 Sequano
261 3024 390 3064 interfectus
405 3026 448 3065 est.
464 3025 490 3068 C.
506 3023 589 3064 Caesar
602 3034 680 3075 pacem
695 3035 743 3064 curn
758 3025 855 3065 Antonio
871 3027 894 3066 et
907 3023 992 3076 Lepido
1008 3023 1075 3073 fecit,
1091 3024 1124 3064 lta

141 3077 166 3114 ut
180 3077 268 3117 tresviri
287 3078 320 3118 rei
341 3079 444 3128 publicae
464 3078 634 3120 constituendae
649 3089 689 3130 per
703 3079 878 3130 quinquennium
894 3082 969 3120 esseut
983 3079 1032 3132 ipse
1047 3080 1070 3118 et
1083 3078 1123 3118 Le-

142 3127 208 3181 pidus
222 3131 245 3169 et
258 3131 378 3181 Antonius,
399 3135 421 3172 et
435 3135 460 3172 ut
474 3141 526 3172 suos
541 3133 638 3185 quisque
656 3133 756 3174 inimicos
771 3134 946 3186 proscriberent,
965 3132 988 3173 irr
1008 3142 1052 3183 qna
1071 3142 1122 3182 pro·

140 3182 261 3234 scriptione
281 3184 370 3235 plurimi
389 3188 477 3237 equites
491 3186 597 3236 Romani,
617 3189 705 3228 centum
723 3188 817 3239 triginta
830 3191 957 3229 senatorum
972 3188 1060 3227 nomina
1074 3185 1122 3224 fue-

140 3238 198 3285 runt,
214 3239 237 3275 et
251 3237 309 3278 inter
324 3249 362 3278 eos
375 3239 401 3282 L.
414 3239 479 3281 Pauli
494 3240 571 3280 fratris
584 3242 616 3286 Μ.
630 3241 716 3293 Lepidi,
733 3246 755 3281 et
767 3243 793 3287 L.
803 3238 1120 3287 Caesarlsrlntouiiavnuouli,

141 3293 163 3330 et
178 3289 209 3330 Μ.
221 3289 341 3332 Ciceronis.
357 3290 422 3332 buius
436 3293 503 3334 occisi
517 3294 636 3348 aPopillio
651 3295 771 3347 legionario
786 3295 864 3345 milite,
880 3307 929 3336 cunr
944 3292 1037 3334 baberet
1051 3299 1121 3332 anuos

140 3345 256 3396 sexaginta
269 3347 322 3393 tres,
339 3348 409 3398 caput
421 3356 512 3397 quoqne
527 3359 575 3388 cum
590 3348 669 3390 dextra
682 3361 746 3389 manu
761 3351 783 3390 in
799 3352 877 3390 rostris
891 3350 988 3402 positum
1000 3350 1120 3398 estrprac-

140 3401 201 3439 terea
215 3408 251 3438 res
265 3410 278 3440 a
293 3399 322 3439 lli.
336 3400 405 3440 Bruto
419 3399 442 3439 in
458 3401 550 3442 Graecia
565 3406 639 3454 gestas
654 3403 759 3444 continet.

193 3451 270 3494 cxiii.
291 3452 316 3497 C.
333 3453 435 3503 Cassius,
451 3456 486 3494 eui
501 3456 628 3497 mandatum
643 3468 656 3497 a
670 3460 748 3498 senatu
763 3461 822 3506 erat,
839 3458 862 3496 ut
876 3452 1019 3497 Dolabellam
1033 3451 1119 3493 hostem

141 3505 259 3550 iudicatum
274 3508 333 3549 bello
349 3513 532 3562 persequeretur,
553 3511 684 3552 auctoritate
698 3511 729 3552 rel
749 3509 852 3564 publicae
866 3509 956 3550 adiutus
971 3507 1057 3561 Syriam
1072 3517 1120 3546 cum
