2598 3956
214 205 277 269 luo
394 202 509 264 nmen
522 201 597 261 xnr.
620 201 703 262 cnr.
716 209 782 263 er.
805 203 842 280 [ι.
858 207 893 262 υ.
908 222 932 260 0.
947 202 1010 279 su]

208 357 412 437 praesidium
434 363 465 416 et
478 355 568 416 sirnul
581 369 622 414 cx
635 351 777 414 omnihus
789 353 866 414 locis
879 352 919 412 ad
928 360 1031 414 cestra
1040 354 1189 430 recipien-

209 445 249 504 du
264 441 507 516 demendamque
519 436 720 512 ¹ignominium
733 435 825 496 rediri
840 443 982 512 coeptum
996 443 1052 496 est.
1080 437 1189 500 tribuni

208 524 336 586 militum
349 523 457 586 tertiae
467 521 597 597 legionis
609 519 756 597 pabulum
766 518 911 596 lignaque
922 521 1063 596 proicere
1074 521 1188 597 iubent,

209 606 436 670 centurionibus
458 607 622 682 imperent,
641 611 676 666 ut
688 602 847 680 graviores
863 609 962 668 aetate
976 603 1086 664 milites
1099 604 1189 668 binos

208 695 239 753 in
254 708 291 753 ea
304 693 451 764 iumenta,
473 705 512 749 ex
529 690 641 766 quibus
656 703 753 750 onera
766 687 885 749 deiecta
900 694 1001 761 erent,
1021 685 1190 764 imponent,

208 777 327 854 equites
347 782 381 836 ut
399 775 538 850 singulos
553 789 572 833 e
586 770 749 834 iuvenibus
770 771 889 848 pedites
910 782 1016 832 secum
1035 771 1066 831 in
1090 787 1189 849 equos

207 861 323 922 tollant.
344 859 501 936 egregiam
513 857 640 933 glutiam
654 855 784 932 legionis
799 855 915 928 teresi
930 861 1033 916 cestra
1045 863 1128 918 metu
1139 873 1188 918 se·
1286 843 1288 928 ἶ

209 944 420 1006 cundenorum
437 941 552 1002 emhse
566 957 625 1002 sua
638 940 749 1002 virtute
761 935 918 1015 recipiant
945 945 978 999 et
991 939 1086 1015 recipi
1101 940 1189 1004 locile

209 1044 295 1102 esse,
317 1027 345 1088 si
364 1027 395 1086 in
416 1025 532 1102 praede
552 1023 693 1101 occupati
708 1022 831 1086 barbari
845 1022 946 1084 subito
962 1022 1188 1099 opprimantum
1286 1055 1287 1062 κ

209 1112 289 1172 sicut
301 1108 453 1187 ceperint,
476 1123 572 1185 posse
590 1107 669 1184 capi
689 1123 809 1168 summa
822 1106 949 1168 militum
962 1107 1118 1170 alacritate
1135 1108 1187 1168 ad·
1286 1167 1287 1172 ,

208 1194 339 1256 hortatio
354 1193 459 1254 audita
472 1198 531 1254 est
557 1193 659 1254 lerunt
673 1192 754 1254 cileti
768 1191 872 1266 signe,
890 1203 948 1251 nec
962 1189 1127 1266 signiferos
1141 1207 1188 1251 ar·

208 1279 280 1340 mati
299 1283 466 1339 morantur.
495 1277 615 1353 priores
628 1284 729 1337 tamen
745 1274 855 1336 consul
867 1272 1056 1351 copiaeque,
1077 1291 1189 1352 queea

208 1362 284 1425 meri
303 1361 543 1434 reducebantur,
568 1361 609 1421 ed
623 1361 736 1422 vallum
751 1365 959 1421 accesserunt.
985 1358 1020 1418 L.
1034 1359 1124 1420 Atius
1138 1361 1188 1420 tri—

208 1448 309 1508 bunus
322 1445 438 1523 primus
453 1445 610 1506 secundae
623 1444 754 1520 legionis
768 1458 829 1505 non
841 1441 1019 1504 hortabatur
1030 1443 1123 1504 mode
1135 1444 1188 1504 mi-

208 1532 291 1604 lites,
313 1529 369 1590 sed
384 1528 516 1590 docebat
529 1530 634 1601 etiarn,
651 1527 678 1588 si
692 1529 825 1590 victores
839 1526 947 1601 Histri,
970 1525 1081 1603 quibus
1095 1527 1189 1588 armis

208 1614 366 1690 cepissent
380 1619 490 1685 castra,
505 1610 615 1672 iisdem
629 1617 719 1687 capia
732 1610 864 1672 retinere
877 1611 908 1671 in
921 1610 1021 1671 enime
1032 1609 1188 1682 haberent,

208 1698 339 1772 primmu
366 1701 492 1756 exutum
519 1695 629 1756 castris
653 1694 774 1756 hostem
798 1695 839 1755 ad
862 1707 946 1756 mare
971 1700 1188 1770 persecuturos

208 1780 322 1853 luisse,
344 1778 456 1840 deinde
476 1778 625 1839 stationes
645 1785 727 1840 certe
748 1793 803 1855 pro
825 1780 905 1840 vello
920 1777 1094 1840 habituros=
1115 1779 1188 1839 vino

155 1863 158 1866 ’
209 1878 380 1940 somnoque
401 1861 586 1922 verisimile
607 1877 680 1924 esse
693 1877 814 1924 mersos
828 1861 938 1924 iacere.
963 1863 1014 1922 lv.
1038 1862 1096 1927 suh
1112 1860 1189 1927 haec
1289 1895 1290 1942 3

207 1949 245 2008 A.
253 1947 472 2010 Baeculonium
483 1945 662 2021 signiferum
673 1962 772 2018 suunt,
781 1953 872 2008 notae
883 1943 1068 2010 lentitudinis
1080 1946 1187 2019 virum,
1289 1963 1290 1968 ¹

208 2029 321 2091 inlenre
335 2028 456 2105 signum
469 2029 568 2092 iussit.
600 2029 665 2104 ille,
686 2029 716 2090 si
728 2045 823 2091 unum
837 2045 873 2091 se
888 2038 1106 2107 sequerentur,
1127 2045 1189 2106 quo

209 2114 339 2176 celerius
358 2113 445 2174 fieret
460 2115 609 2176 lecturum
623 2114 716 2184 dixit,
738 2114 928 2192 conisusque
943 2131 1013 2178 cum
1026 2123 1111 2178 uuus
1126 2113 1189 2174 val-

208 2199 271 2258 lum
292 2198 412 2274 signum
431 2197 618 2274 traiecisset,
639 2199 756 2276 primus
777 2200 911 2261 omnium
927 2207 1045 2274 portam
1059 2197 1190 2262 intravit.

209 2289 239 2341 et
258 2289 346 2359 parte
366 2281 426 2342 alia
439 2282 472 2342 T.
487 2289 518 2342 et
532 2280 563 2341 0.
577 2283 657 2343 Aelii
674 2283 784 2344 tribuni
800 2283 925 2344 militum
940 2283 1046 2343 tertiae
1059 2281 1190 2357 legionis

208 2381 278 2426 curn
293 2365 430 2440 equitatu
443 2365 619 2427 adveniunt
640 2365 803 2427 confestim
815 2372 845 2426 et
857 2380 936 2440 quos
948 2365 1038 2425 hines
1050 2365 1191 2424 oneraria

209 2449 387 2510 indumenta
400 2449 612 2524 imposuerant
623 2448 729 2520 seculi,
744 2455 775 2508 et
784 2448 893 2510 consul
903 2462 974 2508 cnm
984 2453 1048 2507 tote
1059 2445 1190 2520 agmine.

210 2538 240 2590 at
259 2530 431 2594 llistrorum
446 2531 552 2607 pauci,
576 2532 630 2606 qui
651 2531 772 2592 modice
794 2529 864 2590 vino
876 2533 1191 2602 uslerant,memores
1290 2573 1291 2606 ,

209 2615 331 2675 luerent
351 2615 455 2690 lugue,
476 2613 543 2676 aliis
558 2629 669 2677 somno
684 2630 767 2676 rnors
783 2611 959 2676 continuate
973 2622 1037 2685 est3
1058 2613 1190 2689 integre·
1289 2609 1291 2680 ἶ

209 2713 270 2774 que
292 2713 350 2759 sua
370 2698 472 2760 omnio
483 2699 630 2772 Romani,
652 2705 866 2774 praeterquam
886 2699 971 2774 quod
990 2697 1053 2758 nini
1068 2697 1191 2774 cibique
1290 2741 1291 2754 t

209 2782 404 2858 absumptum
418 2789 492 2856 erat,
506 2787 698 2859 recepemnt.
719 2782 804 2857 aegri
818 2797 944 2859 quoque
956 2782 1076 2857 milites,
1092 2782 1144 2857 qui
1159 2781 1191 2841 in
1290 2783 1291 2814 ³

209 2864 318 2927 castris
332 2863 428 2926 relicti
441 2865 577 2939 lucrant,
591 2872 757 2941 postquam
771 2866 849 2928 intra
862 2867 976 2927 vellum
992 2881 1068 2928 suos
1082 2881 1191 2927 sense

208 2948 387 3020 luntarmis
400 2949 529 3024 arreptis
541 2949 668 3010 caedem
679 2949 832 3026 ingentem
843 2951 990 3012 lecerunt.
1005 2956 1076 3011 ante
1083 2963 1192 3010 omnes

208 3030 337 3104 insignis
358 3046 454 3106 opera
473 3031 529 3094 luit
543 3031 575 3092 c.
589 3029 710 3110 Popillii
724 3033 853 3110 equitis=
876 3033 999 3096 Sabelle
1020 3047 1190 3110 cognomen
1289 3031 1291 3112 ἶ

209 3118 282 3173 cnut.
311 3113 339 3176 is
359 3113 440 3191 pede
454 3115 561 3178 saucio
576 3118 701 3178 relictus
717 3118 811 3194 longe
826 3119 974 3195 plurimos
989 3119 1124 3180 hostium
1138 3132 1190 3178 oc-

210 3195 290 3258 cidit.
319 3197 360 3257 ad
381 3205 451 3259 octo
468 3198 551 3261 milia
564 3199 736 3263 Histrorum
751 3209 824 3264 sunt
837 3217 945 3276 caesa,
966 3210 1075 3278 captus
1090 3215 1192 3272 nemo,

210 3279 282 3358 quia
295 3281 341 3342 ire
351 3288 382 3342 et
390 3281 557 3359 indignatio
571 3285 765 3348 immemores
776 3287 912 3363 praedae
922 3285 1003 3349 lecit
1023 3301 1080 3346 rex
1090 3293 1191 3346 temen

209 3360 380 3428 Histrorum
393 3370 577 3432 temrdentus
589 3385 629 3431 ex
639 3367 792 3446 convivio,
806 3369 916 3448 raptim
927 3387 947 3431 a
958 3368 1025 3432 suis
1035 3370 1066 3430 in
1077 3381 1192 3443 equum

208 3448 386 3525 impositus,
411 3451 496 3528 lugit
529 3469 568 3514 ex
589 3451 758 3516 victoribus
783 3454 905 3516 ducenti
930 3452 1052 3530 triginta
1073 3458 1192 3528 septem
