2574 3954
200 202 264 266 250
328 201 560 262 LIBERXLIV.
584 200 666 259 cnr.
680 207 835 262 raom.
858 207 894 274 [a.
908 204 1053 272 usam]

202 361 415 436 pervenerunt,
429 362 460 414 et
470 353 592 428 vagiex
604 355 676 428 iuga
688 353 823 429 quinque
829 352 1073 414 millahominum
1081 360 1186 428 capta.

201 458 241 502 ex
255 438 422 500 victoribus
437 435 614 498 oecidemnt
625 452 686 498 non
699 435 768 512 plus
781 440 910 511 centum,
927 441 1073 509 eteorum
1084 437 1185 510 multo

200 523 299 586 maior
312 537 386 599 pars
400 519 527 596 Peligni.
548 520 697 582 vulnerati
712 521 868 597 aliquanto
884 521 987 595 plures
999 525 1079 582 sunt.
1095 520 1186 596 quod

202 610 228 670 si
243 605 389 668 maturius
404 603 534 682 pugnari
546 612 688 680 coeptum
701 613 794 678 esset,
809 610 842 664 ut
852 603 927 666 satis
939 601 1001 664 diei
1011 601 1185 678 victoribus

201 693 241 752 ad
262 689 513 768 persequendum
533 695 728 764 superesset,
750 688 868 749 deletae
890 703 996 750 omnes
1011 684 1121 766 copiae
1136 688 1185 762 io·

200 783 283 837 rente
306 788 387 854 nunc
407 771 567 834 imminens
587 789 651 834 nox
671 779 701 832 et
722 772 873 847 rugientes
895 771 970 831 texit
989 777 1021 832 et
1032 769 1185 846 Romanis

154 901 158 911 .
200 857 352 935 pigritiem
368 857 408 918 ad
423 856 616 933 sequendum
629 855 706 916 locis
721 853 835 931 ignotis
850 855 931 916 lecit.

283 940 386 1002 XLlll.
406 940 539 1002 Perseus
562 939 604 1000 ad
621 937 751 1000 Pieriam
773 938 880 1000 silvam
895 937 1096 1016 viamilitari,
1122 939 1184 1000 ire·

202 1025 304 1103 quenti
327 1024 448 1100 agmine
469 1021 604 1098 equitum
625 1029 656 1083 et
674 1022 760 1097 regio
775 1023 919 1084 comitatu
933 1021 1018 1098 fugit.
1038 1022 1136 1098 ,simul
1150 1022 1184 1083 iu

203 1110 311 1170 silvam
325 1114 450 1168 ventum
465 1113 527 1180 est,
544 1106 596 1167 ubi
611 1106 716 1182 plures
731 1105 873 1166 diversae
888 1107 1014 1167 semitae
1029 1116 1129 1182 erant,
1152 1114 1185 1168 et

200 1189 555 1269 noxapprepinquabat,
573 1205 642 1251 eum
655 1190 821 1266 perpaucis
838 1191 971 1250 maxime
983 1189 1054 1250 fidis
1065 1191 1116 1250 via
1128 1191 1183 1251 de·

199 1274 298 1338 vertit.
327 1274 447 1350 equites
467 1274 535 1336 sine
556 1274 634 1342 duee
653 1273 750 1334 relicti
770 1274 821 1334 alii
835 1273 895 1334 alia
908 1271 939 1333 in
954 1272 1091 1335 civitates
1106 1290 1183 1335 suas

200 1359 418 1436 dilapsisunt3
448 1356 596 1435 perpauci
616 1356 688 1418 inde
713 1356 827 1426 Pellam
848 1358 979 1419 celerius
1001 1373 1093 1433 quam
1112 1358 1184 1434 ipse

198 1443 339 1518 Perseus,
356 1442 429 1519 quia
443 1450 528 1504 recta
542 1441 687 1518 expedita
700 1439 751 1501 via
765 1440 871 1516 ierant,
887 1449 1103 1517 pervenerunt
1124 1457 1182 1517 rex

200 1528 239 1589 ad
259 1524 391 1587 mediam
412 1525 507 1587 terme
528 1531 650 1586 noctem
665 1531 782 1586 terrere
797 1533 828 1586 et
841 1525 934 1596 variis
950 1524 1182 1586 difficultatibus

199 1609 268 1671 viae
282 1618 413 1672 vexatus
434 1609 464 1670 in
479 1608 595 1684 regiam
609 1607 770 1684 ingressus
785 1615 842 1669 est.
865 1624 901 1669 aa
915 1607 1030 1669 Perseo
1047 1609 1099 1684 qui
1113 1608 1180 1669 Pel·

199 1695 248 1754 lae
272 1699 434 1770 praeerant
454 1691 589 1754 Eulaeus
608 1692 789 1767 tinctusque
810 1699 841 1752 et
859 1692 937 1767 regii
951 1693 1040 1768 pueri
1055 1700 1181 1769 praesto

192 1786 295 1839 erant.
316 1784 423 1838 contra
443 1791 481 1837 ea
501 1774 684 1850 amicorum,
709 1775 761 1851 qui
781 1776 831 1836 alii
846 1776 905 1848 alic
921 1791 997 1837 casu
1012 1775 1126 1838 servati
1140 1792 1181 1846 ex

199 1860 317 1937 proelio
329 1860 443 1922 Pellam
453 1867 610 1936 venerant,
622 1875 692 1921 cum
703 1875 799 1935 saepe
810 1857 950 1921 arcessiti
962 1868 1076 1936 essent,
1088 1875 1180 1923 nemo

200 1945 329 2005 adeum
350 1945 441 2005 venit.
469 1951 533 2004 tres
554 1950 642 2004 erant
660 1950 775 2003 tantum
797 1959 865 2016 cum
880 1959 919 2005 eo
935 1943 1026 2019 fugae
1041 1943 1179 2022 comites,
1277 1963 1278 2040 p

200 2019 342 2104 Euander
356 2027 518 2100 cretensis,
534 2026 599 2088 Neo
614 2026 761 2088 Boeotius
776 2033 807 2088 et
819 2027 1025 2089 Archidamus
1039 2027 1179 2090 Aetolus.
1277 2045 1278 2056 ¹

200 2126 268 2174 cum
288 2111 341 2187 iis,
361 2112 421 2172 iam
442 2117 599 2186 metuens,
621 2126 675 2186 ne,
698 2111 750 2187 qui
770 2111 875 2171 venire
895 2111 936 2172 ad
951 2126 987 2172 se
1001 2111 1180 2186 abnuerent,

199 2193 298 2256 maius
313 2194 430 2271 aliquid
443 2209 518 2255 mox
537 2195 700 2268 auderent,
723 2201 832 2272 quarta
845 2193 949 2270 vigilia
962 2195 1107 2271 prolugit
1129 2210 1179 2256 se-

200 2278 259 2339 cuti
284 2294 354 2340 eum
378 2285 450 2340 sunt
472 2279 640 2340 admodum
666 2278 823 2354 quingenti
849 2277 1020 2340 Cretenses.
1055 2280 1180 2354 petebat
1277 2303 1278 2378 p

196 2361 421 2438 Amphipolim:
450 2361 506 2422 sed
528 2369 618 2422 nocte
640 2361 760 2422 aPella
775 2361 906 2437 exierat,
921 2378 1094 2438 properans
1109 2370 1180 2424 ante
1277 2415 1278 2430 ,

197 2445 415 2506 lucemAxium
426 2459 546 2504 amnem
556 2445 695 2519 traicere,
707 2460 778 2505 eum
787 2445 879 2505 tinem
890 2446 1041 2522 sequendi
1051 2455 1179 2522 propter
1277 2441 1278 2518 l

197 2527 406 2589 difficultatem
420 2525 567 2588 transitus
582 2529 648 2588 lore
661 2535 747 2588 ratus
761 2526 918 2590 Romanis.
1277 2521 1278 2606 l

280 2611 384 2672 XLIV.
401 2611 574 2686 consulem,
590 2627 659 2673 eum
674 2626 709 2672 se
723 2612 754 2674 in
769 2619 871 2673 castra
886 2613 984 2674 vietor
997 2615 1177 2691 recepisset,
1277 2607 1278 2678 l

197 2711 238 2756 ne
259 2695 380 2757 sincero
401 2695 515 2771 gaudio
531 2695 697 2769 imeretur,
721 2712 794 2757 cura
808 2697 847 2757 de
862 2697 979 2758 minore
994 2696 1057 2758 lilio
1073 2699 1178 2760 stimu-

197 2779 287 2840 labat.
314 2778 346 2839 P.
368 2779 472 2856 Scipio
493 2778 521 2840 is
542 2786 622 2857 erat,
643 2781 808 2842 Africanus
823 2787 853 2842 et
872 2781 940 2856 ipse
953 2787 1064 2857 postea
1078 2782 1178 2844 deleta
1277 2797 1278 2848 ἕ

197 2862 376 2940 Carthagine
392 2865 579 2941 appellatuS,
593 2865 738 2926 naturalis
754 2863 890 2927 consulis
905 2864 990 2926 Pauli
1005 2863 1102 2941 lilius,
1122 2867 1177 2926 ad·
1277 2857 1278 2938 i

199 2945 324 3021 optione
335 2946 471 3008 Africani
482 2965 591 3024 nepos.
603 2949 631 3009 is
643 2949 806 3025 septimum
817 2949 969 3010 decimum
981 2956 1053 3010 tunc
1064 2966 1177 3011 annum
1274 3001 1278 3060 ,

197 3045 309 3104 egens,
332 3030 417 3104 quod
431 3031 534 3106 ipsum
549 3048 653 3092 curam
668 3033 813 3107 augebat,
835 3032 908 3093 dum
923 3032 1023 3094 effuse
1038 3035 1177 3110 sequitur
1277 3063 1278 3101 r

195 3110 313 3187 hostes,
329 3113 359 3172 in
375 3120 493 3188 partem
508 3115 599 3176 aliam
611 3115 701 3177 turba
716 3116 835 3177 ablatus
846 3124 928 3187 erat;
951 3125 981 3178 et
995 3118 1096 3178 serius
1108 3134 1176 3180 eum

195 3195 337 3272 redisset,
352 3202 424 3257 tunc
439 3198 571 3274 demum,
585 3206 711 3276 recepto
727 3200 846 3275 sospite
861 3200 934 3275 filio,
949 3199 1097 3262 victoriae
1112 3208 1176 3261 tan-

199 3288 248 3342 tae
262 3281 409 3356 gaudium
424 3283 533 3359 consul
548 3283 654 3344 sensit.

281 3364 490 3441 Amphipolim
505 3382 574 3428 eum
584 3367 645 3427 iam
660 3367 740 3428 lama
750 3383 872 3444 pugnae
882 3367 1086 3444 pervenisset,
1103 3383 1173 3444 eon·

196 3463 370 3524 cursusque
383 3456 589 3511 matronarum
603 3451 634 3510 in
648 3453 794 3528 templum
808 3453 931 3527 Dianae,
955 3468 1047 3528 quam
1060 3453 1175 3514 Tauro·
