2570 3952
298 171 412 234 LIBER
425 173 515 232 XLV.
539 173 622 232 CAP.
637 181 681 234 34.
694 181 739 234 35.
763 179 798 246 [a.
815 178 848 232 C.
865 179 927 247 16⁷]
1040 174 1099 239 287

5 307 6 310 ¹
121 325 308 400 invenisset,
330 325 469 388 exercitu
483 323 513 384 in
529 340 625 386 naves
641 324 785 401 imposito
800 326 831 387 in
845 327 960 388 ltaliam
977 329 1101 391 traiecit.

122 415 239 488 etpost
258 423 377 486 paucos
392 406 459 468 dies
474 407 602 469 Anicius
618 415 770 472 conventu
789 411 978 488 reliquorum
992 411 1101 490 Epiro-

120 503 220 558 tarum
240 493 500 570 Acarnanumque
526 498 611 568 acto,
636 494 793 572 iussisque
817 493 847 555 in
873 495 988 556 ltaliam
1013 498 1102 572 sequi

120 577 330 656 principibus,
355 592 486 652 quorum
507 576 712 652 cognitionem
733 588 1046 653 causaereservarat,
1073 589 1102 641 et

120 663 190 739 ipse
210 660 342 723 navibus
364 660 566 736 exspectatis,
589 660 702 736 quibus
722 677 800 724 usus
813 661 1033 725 Macedonicus
1048 679 1101 725 ex-

121 745 234 808 orcitus
250 744 369 821 eratin
385 743 501 805 ltaliam
515 744 641 807 traiecit.

207 829 281 889 Cum
300 829 378 890 haec
398 829 427 889 in
441 828 624 890 Macedonia
636 825 795 905 Epiroque
809 838 897 906 gesta
910 836 996 904 sunt,
1012 829 1103 906 legati

122 913 174 990 qul
191 928 260 974 cum
271 912 373 973 Attalo
388 913 428 973 ad
443 912 612 976 finiendum
625 913 738 974 bellum
753 913 831 974 iuter
842 912 947 975 Gallos
959 919 989 975 et
999 929 1103 990 regem

120 997 289 1059 Eumenem
303 995 389 1056 missi
405 1003 500 1070 erant,
516 996 547 1059 in
561 997 669 1059 Asiam
682 1004 897 1074 pervenerunt.
912 996 1036 1060 indutiis
1047 1013 1104 1074 per

120 1079 252 1144 hiemem
272 1078 361 1141 iactis
383 1086 415 1142 et
435 1081 512 1142 Galli
533 1083 643 1144 domos
664 1081 802 1143 abierant
817 1089 846 1142 et
860 1097 916 1142 rex
930 1081 961 1142 in
975 1082 1104 1143 hiberna

121 1165 322 1226 concesserat
333 1164 524 1239 Pergamum,
539 1165 688 1242 gravique
699 1166 807 1228 morbo
822 1181 915 1242 aeger
926 1168 1033 1227 luerat.
1049 1183 1103 1226 ver

121 1248 254 1324 primum
274 1263 314 1306 ex
333 1248 426 1308 domo
442 1248 568 1322 excivit,
590 1247 713 1325 iamque
728 1250 877 1328 synnada
891 1258 1103 1327 pervenerant,

121 1347 192 1392 cum
206 1330 361 1390 Eumenes
377 1331 418 1390 ad
433 1329 548 1394 Sardes
562 1329 701 1406 undique
715 1331 883 1393 exercitum
898 1339 1102 1394 contraxerat

121 1415 163 1476 ibi
177 1413 307 1475 Romani
327 1430 396 1474 cum
412 1412 445 1452 **
460 1422 490 1475 et
510 1412 711 1476 Solovettium
727 1415 836 1478 ducem
853 1416 1008 1478 Gallorum
1023 1414 1104 1495 Syo-

122 1497 213 1559 nadis
234 1497 367 1561 adlocuti
390 1503 475 1572 sunt,
501 1505 532 1560 et
549 1498 671 1560 Attalus
693 1500 828 1561 cumeis
849 1500 1024 1576 profectum
1047 1501 1105 1561 sed

122 1589 224 1645 castra
244 1580 400 1643 Gallorum
427 1581 540 1643 intrare
560 1598 629 1643 eum
650 1600 712 1644 non
738 1583 868 1660 placuit,
893 1600 933 1644 ne
954 1584 1044 1645 animi
1065 1600 1104 1645 ex

123 1665 347 1742 disceptatione
367 1665 563 1729 irritarentur.
585 1666 616 1726 Ρ.
632 1667 768 1730 Licinius
789 1683 857 1730 cum
880 1670 987 1744 regulo
1004 1669 1104 1730 Gallo-

121 1766 190 1811 rum
204 1755 253 1811 est
266 1751 402 1822 locutus,
424 1751 599 1828 rettulitque
614 1751 796 1813 ferociorem
816 1767 885 1813 eum
906 1753 1102 1829 deprecando

122 1834 252 1903 iactum;
271 1841 305 1895 ut
320 1833 536 1908 mirumvideri
547 1842 656 1911 posset
666 1834 745 1897 inter
755 1842 815 1898 tom
828 1837 992 1911 opulentos
1003 1849 1103 1912 reges,

123 1914 309 1978 Antiochum
322 1916 607 1995 Ptolemaeumque,
631 1925 746 1980 tantum
766 1921 935 1996 legatorum
948 1919 1103 1982 Romano-

122 2016 191 2062 rum
212 2000 307 2061 verba
326 2000 475 2074 valuisse,
499 2008 534 2062 ut
548 2005 707 2086 ⁸extemplo
723 2018 830 2079 pacem
845 2004 995 2077 iacerent,
1021 2005 1104 2080 apud

124 2085 229 2144 Gallos
244 2083 357 2145 nullius
372 2085 514 2146 momenti
530 2085 637 2146 luisse.

207 2165 328 2228 XXXV.
351 2169 479 2228 Romam
506 2167 638 2243 primum
658 2185 749 2244 reges
771 2171 897 2246 captivi,
921 2170 1054 2229 Perseus
1075 2177 1105 2230 et

117 2251 262 2328 Gentius,
277 2250 308 2312 in
322 2249 495 2313 custodiam
510 2268 576 2312 cum
593 2250 696 2312 liberis
713 2251 843 2328 abducti,
859 2253 929 2312 dein
945 2252 1033 2313 turba
1046 2250 1106 2312 alia

125 2334 331 2413 captivomm,
356 2343 419 2396 turn
441 2335 554 2412 quibus
576 2335 780 2398 Macedonum
800 2335 1009 2398 denuntiatum
1029 2342 1103 2410 erat,

124 2428 158 2482 ut
171 2420 300 2482 Romam
314 2420 461 2496 venirent,
476 2417 713 2497 principumque
729 2421 890 2482 Graeciae:
906 2433 977 2480 nam
991 2418 1011 2479 ii
1028 2437 1103 2496 quo-

126 2519 187 2580 que
201 2521 263 2566 nou
283 2506 383 2567 solum
397 2509 579 2581 praesentes
601 2505 692 2565 exciti
707 2513 807 2579 crant,
831 2504 888 2566 sed
903 2504 994 2565 etiam
1009 2501 1037 2565 si
1052 2504 1105 2579 qui

124 2589 210 2664 apud
224 2605 315 2664 reges
329 2603 402 2650 esse
415 2588 602 2664 dicebantur,
618 2588 725 2651 litteris
739 2588 878 2652 arcessiti
890 2595 970 2650 sunt.
990 2586 1104 2649 Paulus

125 2672 194 2748 ipse
216 2680 289 2747 post
308 2672 375 2734 dics
397 2687 515 2747 paucos
533 2673 620 2748 regia
639 2687 719 2732 nave
733 2673 864 2749 ingentis
876 2671 1104 2749 magnitudinis,

127 2769 219 2831 quam
239 2755 396 2816 sexdecim
418 2770 528 2816 versus
547 2771 702 2816 remorum
716 2757 862 2831 agebant,
883 2762 990 2818 ornato
1002 2754 1103 2816 Mace·

126 2836 247 2900 donicis
262 2837 382 2916 spoliis,
400 2854 462 2900 non
477 2839 640 2914 insignium
656 2847 932 2911 tantumarmorum
947 2838 1104 2900 sedetiam
1135 2837 1137 2842 '

125 2922 281 2998 regiorum
300 2921 465 2998 textilium,
485 2923 618 2984 adverso
633 2923 733 2984 Tiberi
755 2924 794 2984 ad
808 2922 915 2986 urbem
930 2929 979 2985 est
993 2922 1104 2984 subve-

127 3013 210 3081 ctus,
235 3006 395 3085 completis
416 3004 492 3082 ripis
513 3007 634 3069 obviam
649 3006 749 3068 effusa
763 3007 962 3071 multitudine.
986 3023 1105 3083 paucos

127 3095 201 3166 post
221 3089 289 3152 dies
310 3091 435 3154 Anicius
457 3098 488 3172 et
502 3091 648 3155 Octavius
668 3093 769 3154 classe
784 3107 841 3154 sua
855 3090 986 3154 advecti.
1008 3089 1104 3153 tribus

6 3217 7 3220 ,
127 3172 166 3233 ils
177 3172 319 3234 omnibus
332 3175 475 3236 decretus
487 3183 535 3238 est
544 3176 583 3237 ab
595 3184 704 3238 senatu
714 3177 900 3254 triumphum
916 3176 1105 3238 mandatum-

129 3271 190 3333 que
211 3255 244 3330 0.
268 3256 373 3319 Cassio
395 3260 543 3334 praetori,
569 3275 638 3320 cum
658 3261 787 3324 tribunis
808 3258 907 3338 plebis
923 3267 1041 3337 ageret,
1067 3274 1106 3319 ex

129 3340 308 3403 auctoritate
328 3348 447 3417 potrum
467 3344 657 3420 rogationem
676 3345 717 3405 ad
738 3346 858 3422 plebem
878 3347 992 3405 terrent
1012 3350 1045 3403 ut
1058 3341 1105 3417 iis,

130 3441 192 3501 quo
204 3422 253 3486 die
264 3423 369 3486 urbem
380 3426 601 3504 triumphantes
610 3428 832 3500 inveherentur,
845 3428 1004 3505 imperium
1012 3431 1106 3487 esset.
