2592 3964
256 231 509 293 clBERxxxlx.
533 232 960 308 c.lP.lo.41.4n.[a.c.184]
1057 231 1101 297 39

108 387 201 448 boris
223 382 350 460 periculi
370 383 459 442 lerrei
479 398 578 459 prope
599 385 738 460 corporis
759 387 926 462 animique,
949 402 1039 462 quem
1061 403 1100 448 ne

110 475 262 531 senectus
278 466 417 543 quidem,
433 482 514 542 quae
527 467 619 529 solvit
633 469 747 544 omnia,
764 470 895 544 fregerit,
912 471 964 546 qui
979 477 1100 532 sextum

56 623 61 634 ,
110 561 145 615 et
166 550 388 628 octogesimum
408 566 520 610 annum
541 567 636 626 agens
653 569 779 614 causam
801 552 926 626 dixerit,
953 553 1022 629 ipse
1043 571 1100 630 pro

111 653 152 698 se
167 635 302 698 oraverit
321 635 557 710 scripseritque,
579 637 779 712 nonagesimo
794 652 875 698 anno
890 635 957 696 Ser.
974 637 1100 698 Galbam

111 722 155 781 ad
172 717 280 796 populi
291 718 453 778 adduxerit
466 716 619 778 iudicium.
640 719 714 779 XLI.
735 721 827 794 hunc,
843 721 923 782 sicut
934 719 1015 782 omni
1030 721 1100 797 vita,

111 813 179 865 turn
202 809 395 878 prensantem
412 801 571 878 premebat
587 802 729 864 nobilitas
736 829 744 874 ς
767 805 966 880 coierantque
979 812 1103 879 praeter

111 889 149 948 L.
172 887 332 959 Flaccum,
360 883 412 960 qui
430 886 553 960 collega
573 886 602 945 in
624 889 785 949 constrlatu
807 889 920 961 luerat,
947 886 1101 950 candidati

113 986 225 1033 omnes
241 969 281 1029 ad
299 968 490 1029 deiciendum
505 968 622 1030 honore
636 986 714 1046 eum,
731 987 792 1034 non
808 974 908 1034 solum
922 978 956 1032 ut
970 971 1030 1048 ipsi
1045 988 1101 1048 po·

112 1055 177 1115 tius
193 1053 451 1128 adipiscerentur,
471 1067 528 1113 nec
543 1053 615 1128 quia
629 1054 863 1130 indignabantur
877 1071 990 1116 novum
1004 1053 1102 1116 homi-

113 1154 187 1200 nem
208 1143 368 1197 censo'rem
388 1136 508 1208 videre,
531 1137 587 1196 sed
608 1138 698 1198 etiam
713 1141 796 1214 quod
809 1140 925 1201 tristem
939 1154 1101 1201 censuram

114 1221 387 1298 periculosamque
407 1220 569 1280 multorum
590 1221 687 1281 lamae
708 1230 738 1283 et
757 1223 796 1283 ab
811 1225 897 1285 laeso
913 1239 931 1284 a
945 1223 1103 1300 plerisque

51 1330 54 1336 ¹
114 1315 147 1368 et
162 1303 305 1366 laedendi
321 1303 433 1379 cupido
448 1303 676 1379 exspectabant.
704 1306 813 1366 etenim
828 1315 891 1368 tum
903 1322 1032 1383 quoque
1047 1306 1100 1366 mi-

114 1387 303 1449 nitabundus
324 1385 462 1462 petebat,
482 1387 629 1462 refragari
649 1386 708 1448 sibi
729 1391 781 1466 qui
802 1390 927 1450 liberam
948 1397 979 1450 et
991 1391 1102 1451 fortem

116 1487 279 1533 censuram
301 1470 440 1531 timerent
459 1470 656 1532 criminando.
684 1479 714 1532 et
733 1471 877 1536 simulfL.
891 1473 1016 1533 Valerio
1037 1473 1101 1534 sui-

117 1554 308 1632 lragabatur=
329 1553 381 1615 illo
402 1569 464 1616 uno
486 1556 603 1630 collega
624 1555 773 1630 castigare
793 1572 828 1618 se
848 1573 929 1619 nova
943 1555 1058 1631 flagitia
1072 1561 1103 1615 et

117 1641 242 1716 priscos
255 1653 402 1698 revocare
417 1652 518 1698 mores
535 1653 640 1712 posse.
669 1638 717 1700 his
732 1641 855 1701 accensi
869 1638 1026 1715 homines,
1047 1638 1102 1698 ad·

116 1738 211 1784 versa
224 1721 388 1793 nobilitate,
404 1737 463 1783 non
475 1721 516 1780 Μ.
527 1721 667 1783 Porcium
678 1725 771 1786 modo
784 1739 944 1784 censorem
955 1724 1100 1794 lecerunt,

115 1807 176 1868 sed
190 1807 339 1880 collegam
353 1804 381 1864 ei
394 1805 428 1865 L.
443 1804 598 1866 Valerium
611 1803 753 1868 Flaccum
768 1807 953 1868 adiecerunt.

204 1887 379 1950 Secundum
402 1889 523 1949 comitia
542 1905 705 1950 censorum
720 1892 865 1953 consules
880 1897 1103 1967 praetoresque

18 1977 20 1980 ’
116 1975 147 2035 in
164 1973 340 2050 provincias
355 1971 483 2046 protecti
500 1981 619 2050 praeter
633 1973 666 2048 Q.
679 1975 836 2049 Naevium,
852 1989 943 2050 quem
959 1978 1104 2049 quattuor

117 2071 180 2119 non
192 2055 293 2117 minus
304 2071 436 2130 menses,
453 2057 633 2133 priusquam
644 2059 674 2116 in
687 2056 857 2119 Sardiniam
868 2058 933 2131 iret,
948 2056 1102 2132 quaestio·

117 2155 175 2201 nes
195 2140 350 2212 venalicii,
373 2156 500 2214 quarum
519 2155 658 2215 magnam
679 2147 796 2215 partem
819 2147 905 2200 extra
925 2140 1032 2201 urbem
1046 2154 1103 2214 per

119 2223 285 2300 municipia
306 2222 569 2298 conciliabulaque
589 2223 709 2298 habuit,
733 2225 804 2299 quia
823 2223 865 2283 ila
885 2223 987 2298 aptius
1002 2223 1103 2282 visum

116 2314 198 2380 erat,
218 2312 389 2368 tenuerunt.
412 2306 438 2366 si
453 2306 566 2366 Antiati
580 2307 703 2368 Valerio
725 2306 851 2367 credere
870 2306 957 2380 libet,
981 2305 1021 2366 ad
1039 2305 1102 2366 duo

118 2391 273 2452 bominum
288 2389 369 2450 mdia
384 2391 546 2450 damnavit.
569 2399 599 2452 et
612 2391 644 2451 L.
660 2390 832 2454 Postumius
847 2395 1037 2466 propraetor,
1054 2388 1103 2449 cui

118 2475 280 2534 Tarentum
294 2472 452 2550 provincia
467 2482 625 2546 evenerat,
646 2490 774 2551 magnas
789 2481 948 2549 pastorum
962 2472 1103 2534 coniura-

118 2560 218 2619 tiones
239 2556 417 2630 vindicavil,
438 2563 468 2616 et
487 2556 635 2633 reliquias
654 2559 891 2620 Bacchanalium
912 2555 1102 2634 quaestionis

119 2657 189 2702 cum
209 2642 290 2702 omni
314 2647 479 2701 exsecutus
502 2648 550 2701 est
564 2658 647 2703 cura.
680 2645 791 2703 multos
812 2643 863 2716 qui
877 2649 930 2703 aut
944 2641 1024 2702 citati
1040 2655 1123 2716 non¹

118 2725 280 2786 adfuerant
289 2729 346 2786 aut
358 2724 454 2784 vades
471 2724 684 2798 deseruerant,
706 2726 737 2785 in
751 2741 789 2784 ea
803 2725 928 2798 regione
942 2725 1046 2786 ltaliae
1059 2725 1104 2784 la-

118 2815 218 2870 tentes
232 2808 342 2884 partim
356 2807 468 2868 noxios
483 2806 641 2883 iudicavit,
661 2809 771 2884 partlm
785 2807 1027 2883 comprehensos
1041 2807 1107 2868 Ro·

119 2907 199 2951 marn
219 2892 259 2952 ad
274 2897 411 2952 senatum
427 2889 517 2950 misit.
544 2892 574 2952 in
590 2907 743 2954 carcerem
760 2907 866 2954 omnes
882 2907 900 2951 a
915 2891 947 2950 Ρ.
964 2889 1105 2952 cornelio

117 2969 253 3036 coniecti
262 2982 342 3035 sunt.
894 3023 896 3028 -

203 3057 291 3119 XLll.
314 3059 347 3119 ln
356 3059 504 3137 Hispania
519 3059 661 3121 ulteriore
676 3061 780 3120 tractis
795 3058 935 3136 proximo
951 3058 1032 3119 bello
1043 3057 1103 3118 Lu-

119 3143 227 3202 sitanis
249 3141 375 3217 ‚quietae
394 3157 446 3204 res
466 3145 600 3204 lucrant:
628 3143 659 3202 in
681 3145 821 3205 citeriore
842 3143 879 3203 A.
892 3141 1051 3203 Terentius
1072 3139 1104 3200 in

119 3225 316 3286 Suessetanis
331 3227 477 3303 oppidum
490 3225 671 3287 Corbionem
685 3227 783 3287 vineis
798 3234 829 3288 et
843 3225 989 3302 operibus
1005 3239 1104 3298 expu-

119 3310 236 3384 gnavit,
259 3293 398 3384 claras
419 3309 569 3372 vendidit=
592 3310 694 3386 quieta
715 3310 826 3372 deinde
845 3309 974 3371 hiberna
988 3313 1017 3368 et
1031 3304 1105 3366 cite·

120 3393 182 3452 rior
206 3392 365 3468 provincia
390 3392 505 3454 habuit.
540 3401 661 3455 veteres
685 3402 843 3470 praetores
865 3393 896 3454 G.
920 3388 1103 3468 calpurnius

120 3475 189 3536 Piso
211 3483 242 3538 et
260 3476 294 3536 L.
317 3475 473 3552 Quinctius
493 3477 620 3539 Romam
642 3477 806 3540 redierunt.
845 3475 966 3554 utrique
991 3485 1104 3548 magno
