2574 3954
169 224 233 288 uon
317 225 432 284 creua
446 223 548 284 xnur.
572 225 654 284 our.
669 231 767 287 rnre.
790 227 828 304 p,
845 231 878 283 u.
894 248 918 284 ο.
933 228 996 300 aaut

255 379 400 440 Senatum
415 377 526 439 deinde
541 393 687 438 censores
702 379 855 453 legerunt:
874 376 915 436 M.
930 377 1078 438 Aemilius
1089 377 1150 440 Le·

169 464 261 541 pidus
282 463 429 538 princeps
450 462 489 522 ab
510 462 607 522 tertiis
622 460 682 522 iam
702 462 883 522 censoribus
899 462 1006 522 lectus.
1029 467 1151 537 septem

170 565 188 610 e
208 554 316 608 senatu
338 545 424 606 eiecti
444 552 524 606 suut.
551 547 581 606 in
603 561 700 605 censu
720 544 900 620 accipiendo
916 544 1024 620 populi
1039 544 1151 605 milites

170 647 211 690 ex
220 629 422 690 Macedonico
435 627 580 704 exercitu,
593 630 645 705 qui
658 646 748 705 quam
760 627 845 689 multi
853 627 1042 689 abessentab
1051 627 1151 704 siguis

170 730 283 774 census
299 713 411 786 docuit,
428 713 458 772 in
472 713 659 788 provinciam
674 713 840 787 cogebant:
864 726 974 772 causas
986 710 1150 787 stipendiis

169 799 335 859 missorum
356 797 599 872 cognoscebant,
627 803 658 858 et
678 796 765 856 euius
786 795 922 856 nondum
941 795 1022 858 iusta
1041 795 1149 857 missio

169 881 238 942 visa
252 887 351 954 esset,
373 881 414 940 ita
429 879 639 942 iusiurandum
658 879 823 954 adigebant
841 895 902 952 „ex
914 880 958 940 tui
972 879 1063 940 animi
1078 895 1149 940 sen-

169 964 271 1038 tentia,
291 971 324 1025 tu
340 978 379 1022 ex
394 963 494 1024 edicto
510 963 541 1023 C.
559 964 675 1027 Claudii
688 964 732 1023 Ti.
748 961 923 1040 Sempronii
937 978 1102 1024 censorum
1117 963 1149 1023 in

169 1048 359 1124 provinciam
380 1046 591 1107 Macedoniam
612 1045 744 1120 redibis,
771 1047 856 1123 quod
877 1046 944 1107 sine
969 1047 1041 1108 dolo
1065 1048 1147 1108 malo

171 1135 285 1192 lacere
297 1130 461 1207 poterist“
497 1130 577 1190 XVI.
602 1128 632 1191 in
653 1129 806 1206 equitibus
827 1130 1027 1191 recensendis
1052 1131 1149 1191 tristis

169 1215 335 1277 admodum
350 1229 456 1276 eorum
470 1221 562 1290 atque
574 1230 686 1290 aspera
701 1228 832 1275 censura
845 1213 915 1274 luit:
930 1214 1032 1274 multis
1048 1229 1148 1289 equos

170 1299 358 1378 ademerunt.
373 1299 404 1358 in
420 1314 457 1358 ea
470 1313 504 1357 re
520 1313 589 1359 cum
600 1303 773 1374 equestrem
785 1298 923 1359 ordinem
935 1297 1147 1373 offendissent,

170 1383 323 1443 flammam
338 1381 470 1442 invidiae
486 1382 627 1444 adiecere
641 1381 750 1455 edicto,
768 1399 829 1457 quo
842 1381 1010 1456 edixerunt,
1026 1381 1148 1456 nequis

171 1483 292 1541 eorum,
320 1466 372 1542 qui
393 1466 427 1539 Q.
447 1465 555 1526 Fulvio
577 1467 614 1525 Α.
633 1465 791 1526 Postumio
816 1465 997 1526 censoribus
1024 1465 1147 1540 publica
1181 1524 1185 1530 ,
1268 1543 1269 1552 ¹

169 1551 331 1625 uectigalia
346 1557 398 1609 aut
412 1549 491 1608 ultro
505 1550 617 1610 tributa
632 1549 862 1621 conduxissent,
878 1549 918 1608 ad
929 1547 1048 1608 hastam
1060 1564 1146 1608 suam

169 1635 344 1708 accederet,
367 1633 511 1692 sociusve
531 1638 584 1693 aut
604 1631 713 1693 adlinis
736 1632 803 1694 eius
824 1632 1037 1693 conductionis
1053 1639 1146 1692 esset

169 1733 265 1794 saepe
286 1717 317 1777 id
340 1715 496 1790 querendo
517 1723 637 1776 veteres
659 1716 813 1791 publicani
833 1732 902 1777 cum
917 1717 1079 1792 impetrare
1093 1731 1147 1776 ne·

171 1801 311 1876 quissent
327 1802 366 1860 ab
382 1807 505 1873 senatu,
529 1807 561 1860 ut
581 1800 705 1861 modum
719 1801 862 1876 potestati
874 1799 1036 1861 censoriae·
1048 1799 1147 1875 impo-

169 1881 285 1960 nerent,
299 1885 421 1945 tandem
435 1883 586 1944 tribunum
602 1883 701 1959 plebis
716 1884 747 1942 P.
763 1883 916 1958 Rutilium,
933 1900 973 1944 ex
986 1884 1031 1944 rei
1045 1884 1147 1959 priva·

170 1977 219 2029 tae
235 1967 429 2029 contentione
443 1966 551 2028 iratum
568 1967 757 2043 censoribus,
773 1974 935 2044 patronum
947 1983 1060 2029 causae
1072 1983 1147 2028 nan-

171 2051 210 2112 eti
233 2058 311 2112 sunt.
338 2050 479 2112 clientem
502 2050 675 2124 libertinum
696 2051 841 2126 parietem
861 2052 892 2111 in
913 2051 1008 2112 Sacra
1028 2051 1078 2112 via
1093 2052 1147 2133 ad·

171 2151 280 2214 versus
301 2135 395 2196 aedes
418 2133 558 2210 publicas
580 2135 718 2196 demoliri
732 2136 900 2210 iusserant,
923 2137 1008 2211 quod
1022 2135 1146 2211 publico

171 2220 382 2280 inaedificatus
398 2224 491 2279 esset.
507 2219 651 2295 appellati
667 2237 685 2280 a
700 2220 818 2295 privato
833 2219 954 2280 tribuni.
974 2236 1042 2280 cum
1058 2234 1146 2295 prae·

170 2312 216 2364 ter
228 2303 372 2364 Rutilium
387 2317 476 2362 nemo
492 2303 707 2377 intercederet,
730 2318 877 2364 censores
898 2304 940 2365 ad
953 2303 1081 2380 pignera
1095 2318 1146 2363 ca·

171 2387 284 2464 pienda
304 2386 466 2458 miserunt,
489 2389 675 2461 multamque
688 2403 746 2462 pro
768 2385 911 2448 contione
925 2387 1045 2463 privato
1061 2387 1147 2447 dixe·

170 2477 250 2532 runt.
274 2469 344 2528 hinc
366 2469 561 2530 contentione
583 2476 649 2530 orta
668 2485 737 2531 cum
752 2478 873 2532 veteres
888 2471 1041 2548 publicani
1056 2485 1092 2531 se
1106 2471 1147 2532 ad
1181 2503 1184 2508 ·

169 2554 322 2615 tribunum
337 2552 552 2627 contulissent,
566 2552 691 2628 rogatio
712 2561 840 2630 repente
856 2557 913 2616 sub
927 2555 1019 2616 unius
1033 2553 1147 2616 tribuni

171 2636 294 2720 nomine
304 2637 521 2712 promulgatur,
538 2651 618 2713 quae
628 2637 752 2714 publiea
762 2638 931 2714 vectigalia,
945 2641 1024 2700 ultro
1035 2637 1148 2699 tributa

171 2722 202 2782 O.
218 2720 362 2781 Claudius
383 2728 414 2781 et
426 2722 470 2781 Ti.
488 2719 687 2797 Sempronius
709 2722 880 2798 locassent,
904 2739 941 2784 ea
954 2730 1020 2784 rata
1033 2722 1145 2783 locatio

170 2821 209 2866 ne
224 2812 322 2868 esset:
344 2805 382 2865 ab
398 2805 516 2880 integro
531 2807 711 2881 locarentur,
731 2814 762 2868 et
775 2817 808 2870 ut
822 2806 963 2868 omnibus
976 2804 1147 2868 redimendi

170 2897 200 2950 et
221 2889 413 2950 conducendi
432 2890 607 2964 promiscue
628 2891 676 2951 ius
698 2899 790 2952 esset.
820 2891 899 2953 diem
920 2892 958 2952 ad
975 2889 1042 2951 eius
1056 2905 1147 2965 roga-

168 2974 283 3033 tionem
298 2972 429 3033 concilio
444 2973 583 3035 tribunus
599 2973 699 3050 plebis
714 2973 798 3035 dixit.
816 2975 868 3050 qui
878 2984 1044 3051 postquam
1054 2973 1146 3048 venit,

169 3062 203 3117 ut
218 3070 365 3116 censores
385 3057 424 3116 ed
439 3057 681 3119 dissuadendum
695 3066 925 3133 processerunt,
947 3059 1085 3120 Graccho
1101 3057 1146 3117 di·

168 3144 258 3199 cente
279 3137 430 3200 silentium
453 3139 523 3202 luit:
545 3157 612 3201 cum
628 3141 753 3203 Claudio
768 3144 1006 3218 obstreperetur,
1023 3143 1147 3202 audien·

169 3223 240 3282 tiam
267 3222 369 3282 lacere
393 3239 579 3299 praeconem
604 3225 703 3286 iussit.
731 3241 769 3286 eo
792 3227 871 3288 lacto
893 3235 1052 3288 avocatam
1072 3241 1091 3286 a
1111 3241 1147 3285 se

170 3308 341 3368 contionem
355 3305 495 3368 tribunus
512 3317 639 3384 questus
655 3316 684 3370 et
698 3310 729 3370 iu
744 3311 882 3372 ordinem
897 3327 932 3372 se
944 3318 1091 3384 coactum,
1107 3325 1146 3370 ex

170 3389 335 3464 Capitolio,
356 3390 408 3451 ubi
422 3398 488 3452 eret
503 3391 678 3468 concilium,
698 3394 780 3456 abiit.
802 3403 929 3471 postero
944 3395 993 3455 die
1007 3396 1146 3469 ingentes

171 3476 315 3534 turnultus
342 3475 432 3536 ciere.
464 3476 499 3535 Ti
524 3476 653 3538 Gracchi
678 3479 810 3554 primurn
835 3479 918 3540 bona
942 3474 1145 3546 consecravit,
