2592 3964
179 181 222 264 20
319 181 437 243 LIBER
449 181 579 242 XXXIX.
603 181 685 242 CAP.
700 189 744 242 22.
757 189 800 244 23.
824 187 861 255 [a.
873 186 907 240 U.
920 204 944 244 o.
956 187 1020 254 567]

176 333 269 396 larius
291 334 399 395 AntIas
417 342 467 395 est
485 341 607 395 auctore
635 341 699 403 turn
720 334 847 396 collatas
869 335 898 395 ei
918 335 1065 411 pecunias
1089 351 1160 398 oon·

174 425 382 496 gregatosque
397 432 452 494 per
463 417 570 478 Asiam
585 417 726 492 artifices,
742 423 772 479 et
787 433 918 494 quorum
931 418 1073 481 ludorum
1089 427 1161 495 post

173 503 296 576 bellum,
311 502 342 562 in
358 516 420 578 quo
434 508 528 563 votos
543 501 673 576 diceret,
688 501 872 563 mentionem
887 517 949 564 non
964 503 1104 574 fecisset,
1121 503 1161 564 de

98 647 100 656 ,
173 585 211 648 iis
226 592 298 662 post
310 585 493 662 legationem
507 585 629 646 demum
643 586 674 646 in
690 592 799 647 senatu
813 593 921 647 actum.

257 669 362 731 XXIII.
383 668 457 730 Cum
471 667 531 730 lam
545 669 576 729 iu
591 668 675 732 exitu
689 685 787 731 annus
803 676 895 744 esset,
911 668 945 743 Q.
958 669 1095 730 Marcius
1107 669 1160 730 ab·

174 769 247 816 sens
264 753 445 830 magistratu
459 752 595 815 abiturus
612 759 692 824 erut,
715 751 768 829 Sp.
783 751 957 814 Postumius
973 751 1160 828 quaestIoni·

173 839 232 900 hus
259 851 329 898 cum
354 853 474 898 summa
493 836 556 898 ilde
578 851 714 911 curaque
739 835 884 911 perlectis
905 835 1026 898 comitia
1045 835 1159 899 habuit.

174 921 267 983 creati
282 928 354 984 sunt
367 922 513 982 consules
528 921 587 995 Ap.
599 919 746 992 claudius
760 919 891 983 Pulcher
903 919 943 980 Μ.
956 918 1159 996 Sempronius

173 1006 351 1066 Tuditanus.
372 1010 498 1080 postero
514 1003 565 1063 die
578 1010 737 1080 praetores
751 1004 823 1064 lacti
836 1003 868 1062 P.
882 1003 1040 1065 CorneIIus
1051 1004 1159 1066 Cethe·

173 1105 232 1164 gus
252 1090 290 1149 A.
311 1087 488 1157 Postumius
508 1083 640 1149 Albinus
663 1086 694 1149 c.
708 1087 854 1148 Afranius
877 1086 982 1149 Stellio
1004 1085 1035 1148 0.
1049 1088 1159 1149 Athlus

175 1171 326 1233 Sarranus
346 1171 380 1230 L.
394 1169 570 1233 Postumius
589 1172 781 1247 Tempsanus
795 1170 836 1233 Μ.
853 1169 997 1233 Claudius
1010 1169 1160 1246 Marcelli-

173 1272 242 1317 nus.
272 1262 409 1317 extremo
425 1253 511 1329 anni,
533 1254 606 1330 quia
621 1254 676 1332 Sp.
690 1253 863 1317 Postumius
883 1255 992 1318 consul
1005 1251 1160 1317 renuntia-

172 1346 260 1400 verat
274 1343 488 1415 peragrantem
503 1353 539 1399 se
556 1346 683 1416 propter
698 1338 895 1415 quaestiones
911 1345 1076 1413 utrumque
1089 1337 1160 1399 litus

173 1421 278 1484 Italiac
293 1421 434 1486 desertas
449 1419 588 1484 colonias
603 1420 766 1498 Sipontum
781 1437 912 1499 supero,
928 1421 1099 1494 Buxentum
1114 1421 1160 1482 in·

174 1509 239 1568 iero
261 1506 336 1566 mari
357 1505 529 1579 invenIsse,
551 1504 699 1566 triumviri
718 1507 759 1566 ad
779 1507 908 1567 colonos
923 1521 961 1567 eo
977 1505 1160 1566 scribendos

174 1605 212 1650 ex
229 1597 354 1651 senatus
377 1587 518 1651 consulto
539 1587 577 1648 ab
591 1588 624 1648 T.
639 1585 761 1650 Maenio
776 1595 920 1665 praetore
934 1589 1051 1651 urbano
1067 1589 1161 1650 creati
1283 1657 1284 1660 Ἴ

174 1679 245 1734 sunl
254 1673 288 1734 L.
296 1670 476 1734 Scribonius
488 1671 563 1732 Libo
572 1671 614 1732 Μ.
621 1671 752 1734 Tuccius
765 1673 817 1734 cn.
828 1671 963 1734 Baebius
973 1671 1160 1748 Tamphilus.

178 1787 182 1792 „
259 1756 334 1818 Cum
344 1755 459 1817 Perseo
474 1769 548 1830 rege
564 1761 595 1817 et
604 1754 826 1816 Macedonibus
840 1754 953 1816 bellurn
969 1758 1053 1831 quod
1063 1755 1160 1818 immi-

82 1879 84 1882 ·
178 1841 283 1913 nebat,
306 1854 369 1899 non
383 1838 466 1900 unde
481 1837 620 1914 plerique
636 1839 814 1915 opInantur,
835 1855 894 1900 nec
908 1839 947 1900 ab
961 1837 1032 1915 ipso
1046 1838 1160 1902 Perseo

176 1939 287 1985 causas
309 1922 406 1998 cepit:
429 1920 572 1984 inchoata
592 1919 676 1983 initia
691 1922 864 2001 aPhilippo
887 1929 975 1992 sunt3
995 1929 1026 1984 et
1042 1922 1069 1984 ts
1083 1924 1160 2000 ipse,

175 2007 202 2066 si
217 2005 330 2067 dluIIus
344 2005 483 2088 vixisset,
498 2004 530 2066 id
543 2005 657 2066 bellum
670 2003 832 2080 gessisset.
854 2021 916 2068 una
930 2021 1001 2068 eum
1014 2022 1075 2080 res,
1092 2024 1161 2068 cunr

174 2087 256 2151 victo
271 2091 356 2166 leges
371 2088 608 2166 imponerentur,
624 2088 755 2151 maxime
770 2089 910 2166 angebat,
927 2089 1012 2166 quod
1027 2091 1079 2166 qui
1092 2090 1157 2152 Ma·

176 2174 328 2236 ocdomun
348 2173 387 2234 ab
410 2190 446 2236 se
467 2173 644 2234 deiecerant
657 2171 687 2232 ln
702 2173 800 2247 bello,
822 2174 852 2233 ln
868 2189 923 2235 eos
939 2172 987 2237 ius
1003 2173 1162 2237 saeviendi

177 2257 351 2334 ademptum
365 2257 394 2318 ei
410 2258 448 2319 ab
459 2264 569 2319 senatu
580 2265 654 2332 erat,
670 2272 740 2320 cum
752 2256 825 2332 quia
835 2273 900 2320 rem
911 2258 1059 2333 integram
1071 2256 1163 2331 Quin·

176 2339 254 2402 clius
276 2339 308 2400 in
329 2339 563 2402 condicionibus
585 2340 672 2414 pacis
690 2339 864 2414 distulerat,
885 2356 948 2402 nou
963 2340 1164 2417 desperasset

175 2421 331 2500 impetrari
344 2438 451 2498 posse.
478 2421 631 2484 Antiocho
647 2437 721 2498 rege
736 2421 849 2485 deinde
862 2424 944 2486 bello
959 2432 1105 2501 superato
1121 2425 1162 2486 ad

175 2503 407 2584 Thermopylas,
423 2505 530 2568 divisis
545 2505 693 2581 partibus,
709 2522 778 2568 curn
792 2523 848 2584 per
862 2507 989 2570 eosdem
1005 2507 1072 2570 dies
1087 2521 1159 2570 con·

176 2589 225 2652 sul
243 2589 362 2651 Acilius
382 2589 577 2664 Heracleam,
602 2588 763 2667 Philippus
784 2588 919 2652 Lamiam
941 2602 1164 2669 oppugnasset,

175 2681 266 2748 capta
278 2673 429 2734 Heraclea
443 2672 517 2750 quia
530 2672 635 2736 iussus
651 2673 821 2736 abscedere
835 2691 854 2736 a
868 2676 1029 2738 moenibus
1039 2675 1164 2738 Lamiae

175 2766 240 2820 erat
257 2757 469 2835 Romanisque
489 2757 638 2835 oppidum
659 2755 795 2820 deditum
815 2766 877 2832 est,
899 2775 991 2836 aegre
1012 2776 1163 2822 eamrem

174 2841 294 2904 tulerat.
322 2841 484 2918 permulsit
497 2839 573 2902 iram
588 2842 655 2903 eius
671 2843 795 2918 consul,
818 2844 903 2919 quod
919 2844 959 2904 ad
972 2843 1163 2922 Naupactum

174 2925 243 3000 ipse
260 2923 419 2999 festinans,
436 2940 498 3000 quo
511 2939 547 2985 se
560 2940 601 2985 ex
612 2927 686 3002 luga
695 2926 797 2990 Aetoli
807 2928 1008 3003 contulerant,
1021 2927 1163 3006 Philippo

176 3007 328 3084 permisit,
350 3006 551 3069 AthamanIae
572 3015 603 3070 et
615 3010 818 3089 Amynandro
839 3011 952 3073 bellum
973 3012 1111 3085 inferret,
1134 3021 1165 3074 et

175 3089 268 3150 urbes
291 3106 369 3166 quas
390 3090 547 3152 Thessalis
570 3093 671 3154 Aetoli
691 3095 883 3171 ademerant,
905 3111 1000 3172 regno
1017 3095 1162 3158 adiceret.

175 3174 258 3234 haud
273 3189 384 3249 magno
400 3173 564 3237 certamIne
579 3184 609 3236 ct
621 3178 854 3256 Amynandrum
869 3177 1051 3241 Athamania
1065 3195 1148 3254 expu
1205 3190 1208 3196 ·

175 3261 252 3319 ierat
262 3256 396 3320 eturbes
409 3257 526 3335 aliquot
536 3259 704 3338 receperat.
726 3261 950 3325 Demetriadem
962 3277 1095 3340 quoque,
1112 3278 1159 3322 ur·

175 3341 246 3400 hem
260 3341 393 3405 validam
408 3349 438 3404 et
452 3342 607 3405 adomnia
623 3353 842 3422 opportunam,
858 3353 888 3408 et
901 3347 1074 3422 Magnetum
1087 3360 1162 3420 gen-

176 3433 238 3486 tem
254 3441 330 3486 suae
343 3424 473 3488 dIcionis
485 3427 565 3489 iecit.
587 3428 660 3490 inde
671 3437 702 3490 et
714 3429 745 3490 in
755 3429 882 3491 Thracia
896 3430 1046 3506 quasdam
1057 3429 1162 3510 urbae,
