2592 3964
302 221 714 286 LIBERXL.CAP.13.14.
738 229 819 298 [ac.
833 225 894 303 182]
1048 221 1089 289 65

104 376 176 438 naci
198 375 363 437 certamine
383 382 413 436 et
428 387 582 436 concursu
597 376 706 437 iratum
721 383 750 436 te
767 376 904 452 eiicere,
925 385 958 439 ut
972 379 1098 454 merito,

103 463 187 523 sicut
204 459 319 535 iecisti,
341 459 484 520 invitatus
505 458 546 519 od
567 473 674 520 cenam
695 460 868 521 abnueres?
896 476 964 521 cum
987 467 1088 523 autem

102 547 201 606 iratus
222 557 390 619 negasses,
410 549 511 604 ulrum
530 549 565 604 ut
583 544 738 618 placarem
752 551 782 604 te
797 543 900 604 danda
913 559 1010 619 opera
1024 545 1088 621 huit,

102 637 137 689 ut
150 629 240 688 aliam
256 641 436 703 quaererem
451 626 655 702 occasionem,
671 625 814 702 quoniam
829 627 925 688 semel
939 643 1089 689 venenum

101 725 295 788 paraveram,
311 725 350 770 an
363 709 403 770 ab
415 709 466 770 illo
478 707 607 771 consilio
620 712 703 771 velut
712 710 942 772 transiliendum
953 713 993 772 ad
1003 711 1089 775 aliud

102 795 170 871 luit,
186 803 220 855 ut
232 795 313 855 terro
328 801 366 867 te,
383 801 413 854 et
428 794 551 869 quidem
566 809 604 854 eo
619 793 679 868 die,
691 808 748 869 per
763 794 900 868 speciem
915 795 1088 857 comisatio-

102 881 153 940 nis
170 878 365 939 occiderent
385 892 446 952 quo
462 877 574 938 deinde
588 877 696 952 modo,
718 876 744 938 si
759 885 790 938 te
802 886 885 939 metu
899 877 1005 939 mortis
1021 894 1087 940 cre·

103 963 217 1024 dabam
232 976 339 1021 cenam
354 962 491 1022 evitasse
505 975 619 1034 meam,
638 977 700 1022 non
719 959 757 1020 ab
773 962 882 1022 eodem
897 967 980 1022 melu
995 961 1087 1024 comi·

103 1046 255 1120 sationem
271 1059 396 1121 quoque
410 1045 591 1106 evitaturum
604 1042 837 1106 existimabam?
862 1045 941 1106 XIV.
964 1053 1090 1108 nonest

101 1144 166 1206 res,
182 1144 244 1205 qua
257 1128 448 1203 erubescam,
463 1137 559 1204 pater,
574 1126 602 1188 si
616 1129 666 1188 die
681 1129 760 1190 iesto
774 1129 853 1190 inter
867 1131 1014 1206 aequales
1029 1131 1088 1191 lar·

101 1215 190 1289 giore
203 1211 276 1274 vino
292 1213 359 1272 sum
374 1227 459 1274 usus.
488 1221 521 1273 tu
538 1226 662 1287 quoque
675 1212 766 1273 velim
781 1211 934 1288 inquiras,
950 1230 1012 1291 qua
1025 1217 1087 1276 lae

101 1297 183 1370 titia,
201 1311 262 1372 quo
278 1297 347 1357 lusu
362 1295 445 1371 apud
459 1311 508 1355 me
524 1296 707 1356 celebratum
722 1293 900 1358 hesternum
915 1297 1088 1358 convivium

103 1380 152 1456 sit,
165 1381 217 1440 illo
229 1380 471 1455 etiam-pravo
483 1379 778 1454 forsitan-gaudio
790 1379 990 1456 provehente,
1002 1380 1087 1457 quod

102 1467 134 1524 in
156 1464 290 1524 iuvenali
313 1477 466 1524 armorum
487 1462 651 1522 certamine
672 1477 746 1537 pars
766 1469 873 1524 nostra
887 1479 949 1524 non
962 1464 1088 1525 inferior

103 1551 213 1608 iuerat.
233 1545 358 1608 miseria
368 1546 445 1608 haec
455 1552 486 1607 et
495 1553 593 1607 metus
607 1547 763 1621 crapulam
774 1547 863 1608 lacile
874 1556 1087 1624 excusserunt,

105 1646 186 1708 quae
200 1633 227 1694 si
241 1646 303 1692 non
318 1631 568 1704 intervenissent,
583 1629 778 1691 insidiatores
793 1645 851 1692 nos
867 1631 960 1708 sopiti
973 1631 1088 1692 iacere

103 1732 183 1777 mus.
199 1715 227 1776 si
238 1716 363 1776 domum
374 1721 457 1774 tuam
469 1721 711 1789 expugnaturus,
724 1721 814 1790 capta
826 1715 918 1776 domo
931 1715 1087 1776 dominum

102 1801 320 1860 interfecturus
334 1813 426 1871 eram,
443 1813 504 1859 non
522 1805 744 1873 temperassem
758 1798 829 1857 vino
844 1798 874 1857 in
889 1814 981 1858 unum
997 1800 1086 1874 diem,

103 1899 166 1945 non
180 1881 291 1944 milites
307 1879 524 1943 abstinuissem
535 1887 644 1942 meost
664 1887 695 1942 et
708 1896 747 1940 ue
761 1895 818 1956 ego
834 1897 882 1942 me
898 1881 984 1944 solus
995 1881 1087 1943 nimia

103 1966 297 2043 simplicitate
310 1975 407 2041 tuear,
424 1966 493 2042 ipse
508 1980 633 2042 quoque
647 1964 769 2026 minime
780 1965 878 2026 malus
889 1979 926 2026 ac
937 1967 1087 2043 suspicax

104 2054 197 2114 irater
217 2048 312 2126 „nihil
333 2049 416 2110 aliud
437 2049 540 2124 scio,“
561 2047 659 2124 inquit
679 2046 772 2122 „nihil
793 2065 903 2124 arguo,
924 2049 983 2110 nisi
1003 2050 1088 2126 quod

105 2151 173 2196 cum
200 2135 282 2195 ierro
309 2131 488 2194 comisatum
512 2135 692 2192 venerunt.“
728 2132 755 2190 si
781 2144 925 2206 quaeram
952 2133 1034 2194 unde
1054 2133 1087 2193 id

62 2213 67 2222 “
103 2221 206 2294 ipsum
226 2218 323 2291 scias,
345 2230 475 2276 necesse
496 2214 552 2276 erit
564 2221 595 2275 te
607 2212 697 2274 lateri
712 2221 764 2274 aut
778 2215 1006 2288 speculatorum
1020 2222 1088 2276 tuo·

102 2319 171 2364 rum
185 2303 307 2378 plenam
321 2300 446 2362 domum
460 2299 557 2360 luisse
568 2313 675 2371 meam,
691 2304 744 2359 aut
753 2297 822 2357 illos
834 2298 876 2357 ita
887 2305 992 2374 aperte
1004 2315 1087 2360 sum·

102 2387 209 2462 psisse
231 2386 357 2458 ierrum,
378 2389 413 2444 ut
432 2397 540 2445 onmes
560 2381 708 2443 viderent.
741 2387 773 2441 et
791 2396 830 2442 ne
851 2381 925 2458 quid
945 2383 1015 2458 ipse
1035 2391 1088 2444 aut

16 2501 17 2536 2
102 2471 190 2546 prius
210 2467 378 2545 inquisisse
399 2475 451 2529 aut
469 2481 551 2527 nunc
572 2465 736 2527 criminose
750 2465 953 2540 argumentari
967 2465 1087 2528 videre·

17 2557 18 2584 ³
102 2563 162 2628 tur,
175 2560 206 2613 te
221 2565 369 2630 quaerere
379 2565 419 2610 ex
430 2551 469 2611 iis
482 2566 560 2625 quos
573 2550 764 2610 nominasset
773 2548 906 2623 iubebat,
922 2566 960 2610 an
973 2551 1085 2612 terrum

102 2635 298 2706 habuissent,
319 2641 527 2710 uitamquam
547 2634 577 2694 in
597 2649 632 2694 re
647 2632 755 2708 dubia,
777 2647 846 2694 cum
860 2633 892 2693 id
907 2633 1087 2708 quaesisses

104 2721 189 2796 quod
204 2718 265 2796 ipsi
279 2720 419 2794 latentur,
433 2734 492 2794 pro
503 2716 652 2778 convictis
663 2714 856 2777 haberentur.
881 2716 998 2792 quintu
1011 2716 1086 2778 iilud

104 2803 212 2880 quaeri
226 2803 325 2876 iubes,
341 2818 414 2863 num
428 2801 472 2863 tui
486 2800 647 2863 occidendi
658 2814 754 2860 causa
765 2801 877 2860 terrum
889 2800 1087 2878 sumpserint,

104 2902 176 2949 rum
201 2902 251 2948 me
271 2894 397 2949 auctore
417 2892 448 2944 et
468 2885 606 2947 scienter
632 2883 692 2944 hoc
713 2883 793 2944 enim
812 2883 910 2944 videri
931 2881 995 2958 vis,
1024 2898 1087 2946 non

103 2971 179 3033 illud
202 2970 287 3048 quod
307 2971 438 3031 latentur
459 2976 490 3030 et
509 2968 610 3044 palem
630 2974 687 3028 est.
716 2966 807 3029 etsui
822 2966 975 3028 soluendi
991 2983 1087 3030 causa

104 3055 279 3132 sumpsisse
304 3055 417 3117 dicunt.
449 3059 533 3114 recte
553 3068 592 3112 an
611 3066 773 3127 perperam
793 3051 934 3126 iecerint,
957 3049 1017 3127 ipsi
1038 3052 1087 3117 sui

103 3139 177 3202 iacti
190 3139 340 3201 rationem
352 3137 497 3199 reddent=
517 3151 615 3198 meam
630 3149 764 3208 causam,
781 3149 861 3210 quae
871 3133 945 3196 nihil
956 3150 993 3197 eu
1005 3136 1087 3197 iacto

104 3221 306 3299 contingitur,
326 3237 366 3282 ne
386 3219 556 3283 miscueris.
586 3227 637 3282 aut
657 3220 791 3295 explica,
814 3226 914 3280 utrum
927 3227 1034 3296 aperte
1047 3234 1086 3278 au

104 3309 184 3368 clam
205 3314 236 3368 te
257 3304 435 3383 aggressuri
455 3304 610 3366 fuerimus.
644 3303 671 3363 si
686 3308 805 3381 aperte,
828 3318 882 3365 cur
903 3319 965 3364 non
979 3315 1086 3363 omnes

104 3393 219 3453 terrum
239 3390 424 3452 habuimust
450 3404 505 3450 cur
523 3403 613 3451 nemo
636 3394 830 3464 praetereas
846 3388 999 3464 quituum
1015 3399 1085 3461 spe·

104 3478 274 3537 culatorem
295 3473 516 3550 prusavcmntt
538 3471 565 3534 si
587 3473 678 3544 clam,
702 3472 771 3548 quis
785 3471 861 3532 ordo
877 3467 996 3532 consilii
1011 3465 1087 3529 luit!

148 3577 175 3619 r.
191 3574 253 3618 rrvr
268 3573 343 3618 rans
358 3557 395 3615 V·
861 3565 877 3617 5
