2598 3956
201 267 262 333 118
299 267 415 330 LIBER
428 265 501 326 llll.
525 265 607 326 CAP.
623 273 666 328 rt.
681 272 724 326 re.
746 269 782 337 [a.
796 269 940 327 daem
953 286 977 322 a.
991 269 1023 322 c.
1036 269 1098 336 rto]

200 416 356 495 proficisci
376 415 480 490 iussit,
502 421 532 476 et
546 413 724 477 duumviros
744 415 870 474 navales
892 429 959 474 cum
976 416 1077 476 classe
1090 413 1179 475 Pisas
1290 477 1291 480 ,

199 504 259 575 ire,
282 502 334 577 qui
348 499 491 576 Ligurum
509 515 608 573 oram,
629 498 809 559 maritimum
824 511 948 574 quoque
963 503 1111 559 terrorem
1126 499 1180 559 ad·

200 594 369 658 moventes,
383 584 701 645 circumvectarentur.
726 582 837 642 eodem
850 581 938 642 Pisas
953 589 984 642 et
997 581 1031 656 Q.
1046 579 1180 643 Petillius

201 669 310 731 consul
331 667 372 728 ad
392 666 636 728 conveniendum
658 664 806 726 exercitui
826 665 907 726 diem
924 666 1071 726 edixerat.
1100 663 1180 730 etc.

201 753 343 814 Claudius
358 751 526 828 proconsul
540 749 643 811 audita
656 747 823 810 rebellione
832 747 976 824 Ligurum
991 755 1181 824 praetereas
1291 745 1292 802 ἐ

200 837 324 913 copias,
347 851 425 911 quas
446 849 550 895 secum
565 833 692 892 Parmae
705 831 853 907 habebut,
875 830 1029 893 subitariis
1043 832 1182 893 collectis

198 919 352 994 militibus,
367 918 533 978 exercitum
547 915 587 977 ad
601 917 679 978 lines
691 915 833 992 Ligurum
843 916 988 978 admovit.
1008 916 1114 977 ltvtll.
1127 916 1182 976 ho·

199 1014 264 1064 stes
279 1003 337 1064 sub
353 1003 517 1064 adventum
532 999 564 1060 C.
579 999 712 1074 claudii,
733 1015 752 1060 a
767 1014 827 1076 quo
842 1000 922 1061 duce
936 1014 971 1060 se
985 999 1184 1061 meminerant

199 1101 299 1161 nuper
314 1086 354 1146 ad
368 1083 563 1145 Scultennam
582 1081 698 1144 flumen
710 1081 810 1145 victos
824 1084 1024 1159 fugatosque,
1044 1083 1182 1144 locorum

198 1170 296 1245 magis
317 1168 473 1244 praesidio
494 1169 644 1229 adversus
664 1166 823 1228 infeliciter
842 1174 1000 1242 expertam
1013 1165 1075 1227 vim
1091 1181 1182 1243 quam

200 1253 294 1316 armis
309 1267 345 1313 se
365 1252 522 1314 defensuri
539 1251 619 1312 duos
632 1255 752 1311 montes
766 1250 873 1312 Letum
888 1257 918 1310 ct
931 1249 1078 1311 Balistam
1091 1265 1182 1327 cepe·

198 1344 284 1411 runt,
307 1351 458 1412 muroque
477 1335 604 1412 insuper
624 1334 767 1410 amplexi.
797 1331 913 1395 tardius
935 1349 975 1394 ex
988 1334 1070 1409 agris
1085 1333 1180 1394 demi·

199 1427 323 1496 grantes
345 1419 488 1496 oppressi
508 1418 550 1480 ad
569 1417 651 1478 mille
668 1424 702 1478 et
719 1417 874 1494 attingenti
893 1419 1064 1494 perlerunt=
1088 1416 1180 1478 ceteri

198 1505 353 1566 montibus
376 1518 411 1563 se
428 1503 586 1576 tenebant,
608 1510 638 1563 et
652 1517 690 1562 ne
703 1502 735 1562 in
755 1507 837 1563 metu
858 1502 981 1576 quidem
996 1501 1122 1565 feritatis
1137 1501 1181 1560 in·
1291 1555 1294 1587 :

197 1589 319 1663 genitae
340 1583 425 1647 obliti
447 1585 587 1647 saeviunt
607 1583 638 1645 in
659 1585 820 1661 praedam,
842 1599 923 1662 quae
942 1585 1076 1646 Mutinae
1093 1591 1182 1660 parte
1290 1590 1294 1667 ζ

198 1678 272 1730 erat.
302 1670 442 1746 captivos
457 1684 527 1731 cum
543 1669 636 1729 foeda
649 1669 834 1730 laceratione
848 1669 1044 1740 interficiunu
1065 1683 1182 1744 pecora
1290 1722 1291 1732 2

198 1753 229 1813 in
244 1753 323 1814 lanis
338 1753 490 1816 trucidant
503 1752 608 1814 verius
623 1752 741 1829 passim
757 1769 849 1828 quam
863 1753 920 1813 rite
932 1752 1116 1814 sacrificant.
1132 1769 1181 1814 sa·

175 1871 178 1874 <
197 1837 262 1899 tiati
277 1836 373 1898 caede
389 1835 594 1913 animantium,
610 1852 690 1914 quae
704 1835 836 1898 inanima
851 1843 937 1898 erant
948 1836 1115 1912 parietibus
1127 1838 1180 1897 ad·

198 1920 321 1996 fliguut,
342 1934 421 1982 vasa
436 1921 536 1982 omnis
555 1921 678 1996 generis
695 1920 765 1981 usui
780 1921 877 1996 magis
895 1935 987 1997 quam
1002 1926 1180 1982 ornamento

196 2005 228 2067 in
245 2005 379 2079 speciem
395 2005 484 2064 lacta.
507 2003 541 2080 Q.
552 2004 685 2065 Petillius
701 2006 817 2079 consul,
832 2018 871 2064 ne
885 2005 1013 2066 absente
1028 2017 1063 2065 se
1077 2003 1180 2065 debel-
1290 2047 1292 2078 ἡ

196 2087 319 2160 leretur,
335 2087 449 2148 litteras
465 2088 504 2149 ad
520 2088 552 2149 c.
569 2088 726 2150 claudium
740 2087 836 2162 misit,
857 2096 891 2149 ut
906 2099 975 2150 cum
989 2087 1125 2150 exercitu
1140 2087 1178 2148 ad
1290 2080 1292 2140 ἓ

197 2171 279 2232 sein
295 2171 422 2232 Galliam
436 2173 569 2234 veniret:
593 2171 710 2248 campis
723 2172 836 2233 ltlacris
852 2187 887 2233 se
902 2181 972 2233 eum
986 2179 1180 2249 exspectatu-
1289 2224 1291 2246 ,

196 2266 273 2317 rum.
298 2254 403 2316 litteris
418 2256 554 2332 acceptis
569 2255 944 2332 claudiusexLiguribus
960 2262 1062 2318 castra
1075 2256 1179 2329 movit,
1289 2250 1291 2267 '

197 2339 427 2414 exercitumque
441 2341 481 2399 ad
498 2355 626 2414 campos
640 2335 762 2400 Macros
776 2339 899 2400 'consuli
913 2339 1045 2401 tradidit.
1069 2339 1180 2400 eadem

197 2424 358 2500 [tempore]
367 2423 475 2498 paucis
487 2430 559 2498 post
571 2421 678 2482 diebus
689 2423 719 2482 (l.
727 2422 869 2483 Valerius
882 2423 988 2484 consul
1000 2425 1076 2484 alter
1087 2423 1179 2482 venit.

195 2504 238 2564 ibi
259 2504 367 2565 divisis
382 2506 497 2580 copiis,
520 2505 699 2581 priusquam
714 2506 959 2581 digrederentur,
981 2505 1181 2567 communiter

196 2588 287 2650 ambo
302 2589 455 2649 exercitus
471 2589 685 2650 lustraverunt
707 2597 770 2650 tum
785 2591 892 2664 sortiti,
909 2591 1057 2667 quianon
1074 2591 1113 2650 ab
1128 2605 1179 2649 ea-

196 2672 267 2731 dem
287 2677 452 2746 utrumque
473 2679 559 2747 parte
579 2672 707 2748 adgredi
724 2672 843 2735 hostem
859 2673 1014 2750 placebat,
1034 2673 1179 2748 regiones

196 2771 274 2832 quas
300 2761 446 2830 peterent.
480 2754 636 2818 Valerium
661 2758 821 2832 auspicato
847 2758 985 2818 sortitum
1010 2757 1179 2832 constabat,

197 2839 282 2917 quod
302 2840 461 2917 intemplo
481 2839 604 2902 luisset=
627 2841 658 2900 in
672 2840 787 2902 Petillia
806 2842 839 2902 id
850 2841 925 2902 vitio
941 2842 1054 2902 lactum
1068 2847 1180 2916 postea

196 2937 328 2997 augures
342 2926 585 2999 responderunt,
602 2925 687 3000 quod
702 2933 787 2986 extra
802 2926 948 3000 templum
963 2931 1076 2986 sortem
1091 2923 1121 2982 in
1137 2924 1179 2982 si·

195 3006 298 3065 tellam
314 3006 344 3064 in
358 3008 504 3083 templum
522 3009 614 3068 latam
635 3009 710 3069 loris
731 3010 800 3088 lpse
811 3007 844 3048 **
859 3014 1024 3085 oporteret.
1047 3004 1178 3083 proiecti

194 3088 267 3149 inde
284 3088 314 3146 in
337 3089 476 3151 diversas
498 3089 650 3166 regiones.
682 3092 817 3154 Petillios
835 3093 985 3154 adversus
999 3093 1134 3153 Balistae
1149 3095 1180 3150 et

193 3171 260 3234 Leti
274 3172 387 3246 iugum,
404 3175 490 3249 quod
504 3190 559 3235 eos
575 3181 695 3237 montes
707 3181 856 3253 perpetuo
869 3176 962 3238 dorso
974 3177 1054 3237 inter
1065 3191 1100 3238 se
1112 3174 1178 3234 iun-

194 3257 245 3332 git,
261 3262 363 3317 castra
376 3256 488 3318 habuit.
512 3257 552 3318 ibi
568 3259 777 3321 adhortantem
793 3275 863 3322 eum
878 3276 934 3336 pro
947 3260 1089 3322 contione
1100 3256 1177 3316 mili·

193 3347 256 3416 tes,
278 3339 485 3403 immemorem
506 3342 709 3419 ambiguitatis
727 3342 825 3419 verbi,
847 3342 1012 3405 ominatum
1026 3344 1128 3404 lerunt
1142 3353 1177 3400 se

193 3439 232 3485 eo
248 3423 298 3485 die
311 3425 418 3486 Letum
435 3433 593 3502 capturum
607 3439 688 3488 esse.
711 3428 830 3490 duabus
845 3428 935 3490 simul
949 3425 1087 3504 parabus
1103 3423 1177 3488 sub-

191 3505 239 3568 ire
252 3506 282 3568 in
297 3510 447 3572 adversos
462 3523 581 3574 montes
596 3511 705 3589 coepit.
740 3528 777 3574 ea
790 3527 878 3589 pars,
894 3513 925 3572 in
941 3527 1003 3588 qua
1016 3510 1086 3587 ipse
1100 3513 1175 3584 erat,
