2574 3954
215 245 216 250 '
292 275 898 351 LIBERXLlll.CAP.9.10.[a.C.170]
1021 279 1085 354 197¹

104 426 267 488 mittendas
283 428 323 486 ad
334 426 365 487 c.
377 425 500 486 Furium
515 427 646 502 legatum
657 429 764 504 Issam,
781 428 833 506 qui
845 446 913 490 cum
926 429 1081 506 praesidio

103 511 232 570 duarum
254 510 422 571 Issensium
443 511 565 571 navium
583 513 702 572 insulae
722 521 872 588 praeerat,
888 514 1082 576 **misc1·unt

101 629 144 638 —
165 595 227 654 duo
246 594 328 654 milia
347 593 473 654 militum
500 595 530 654 in
545 611 598 655 eas
620 611 715 656 naves
738 604 809 657 sunt
823 598 978 673 imposita,
1002 616 1082 674 quae

100 677 141 738 Μ.
156 678 289 738 Raecius
306 686 429 754 praetor
450 693 488 738 ex
503 688 629 740 senatus
652 683 793 740 consulto
814 682 849 740 in·
866 697 903 740 aa
924 691 1009 756 parte
1024 683 1080 744 Ita-

99 764 168 834 liae,
192 777 271 836 quae
287 762 405 822 obiecta
428 761 552 840 Illyrico
568 771 630 838 est.
653 765 839 840 conscripsit
851 788 904 819 -ι
927 775 957 826 et
972 769 1080 826 consul

99 846 249 906 Hostilius
261 847 320 920 Ap.
335 845 493 906 Claudium
509 847 538 906 in
550 847 703 925 Illyricum
720 864 789 908 cum
805 856 948 924 quattuor
958 848 1079 909 milibus

100 930 237 1004 peditum
250 930 341 1004 misit,
356 937 389 990 ut
403 932 525 996 accolas
541 931 654 1008 lllyrici
669 938 846 992 tutarentur.
863 933 915 1008 qui
930 949 990 994 non
1007 949 1078 994 con-

100 1019 202 1074 tentus
218 1013 265 1087 iia,
282 1029 360 1088 quas
375 1014 546 1074 adduxerat
561 1013 669 1090 copiis,
684 1016 797 1075 auxilia
811 1017 850 1076 ab
866 1016 960 1078 sociis
976 1032 1078 1078 corro·
1134 1057 1139 1062 -

100 1098 203 1171 gando
218 1098 258 1156 ad
273 1103 343 1157 octo
358 1098 440 1157 milia
454 1097 609 1158 hominum
622 1098 709 1158 vario
725 1114 838 1174 genere
853 1101 988 1174 armavit,
1010 1117 1079 1176 per·

100 1189 267 1256 ngrataque
283 1181 364 1240 omni
380 1197 417 1241 ea
431 1181 557 1256 regione
572 1183 612 1241 ad
626 1182 818 1260 Lychnidum
832 1184 1079 1245 Dassaretiorum

100 1265 249 1326 consedit.
276 1265 313 1325 X.
335 1265 418 1326 haud
439 1265 548 1340 procul
569 1266 640 1324 inde
660 1267 785 1328 Uscana
805 1268 952 1342 oppidum
973 1268 1078 1328 finium

97 1352 281 1424 plerumque
300 1348 406 1409 Persei
418 1356 500 1410 erat.
529 1350 634 1408 decem
655 1349 737 1410 milia
753 1351 863 1410 civium
878 1350 1024 1426 habebat,
1050 1359 1080 1412 et

97 1432 254 1494 modicum
278 1433 437 1494 custodiae
458 1448 554 1494 causa
573 1431 760 1493 Cretensium
780 1435 978 1508 praesidium.
1007 1435 1079 1494 inde

97 1516 195 1578 nuntii
216 1516 256 1578 ad
271 1516 428 1578 Claudium
443 1517 553 1578 occulti
569 1517 746 1591 veniebant,
774 1519 801 1576 si
822 1517 950 1593 propius
971 1519 1077 1593 copias

99 1601 297 1675 admovisset,
314 1608 439 1676 paratos
454 1602 520 1662 lore
535 1602 587 1676 qui
602 1601 769 1676 proderent
782 1602 896 1662 urbem.
920 1610 949 1661 ct
964 1617 1079 1677 operae

98 1687 230 1762 pretium
245 1701 332 1746 assez
354 1702 415 1746 non
430 1701 465 1746 se
481 1685 659 1760 amicosque
674 1691 803 1760 tantum,
825 1687 881 1745 sed
898 1687 985 1745 etiam
1001 1685 1077 1745 mili-

96 1779 144 1830 tes
161 1771 276 1844 praeda
291 1769 492 1845 expleturum.
516 1785 590 1845 spes
607 1769 762 1843 cupiditati
778 1770 900 1830 admota
914 1771 956 1830 ita
970 1785 1076 1830 occae-

96 1855 179 1914 cavit
192 1854 340 1928 animum,
366 1863 400 1914 ut
419 1869 477 1914 nec
492 1869 530 1914 ex
545 1854 582 1913 iis
599 1852 651 1928 qui
668 1859 817 1912 venerunt
832 1868 1017 1928 quemquam
1030 1867 1078 1911 rc·

99 1938 217 2009 tinerct,
230 1953 287 1998 nec
300 1937 435 2012 obsides
448 1937 559 2012 pignus
571 1939 690 1998 tuturos
702 1937 787 1996 aiore
794 1937 931 1997 fraudem
940 1936 1078 2012 agendae

96 2015 163 2094 rei,
169 2029 321 2096 posceret,
343 2036 401 2081 nec
416 2021 547 2081 mitteret
560 2022 761 2096 exploratum,
778 2034 835 2080 nec
848 2019 940 2080 iidem
957 2020 1077 2094 accipe·
1163 2095 1165 2100 ,

96 2112 153 2165 ret.
176 2105 359 2166 diecentum
380 2112 491 2166 statuta
512 2106 669 2180 protectus
691 2104 893 2180 aLychnido‚
915 2104 1077 2164 duodecim

96 2187 181 2250 milia
200 2189 238 2248 ab
258 2190 349 2261 urbe,
368 2189 407 2248 ad
430 2205 521 2264 quam
541 2187 695 2259 tendebat,
717 2189 821 2262 posuit
835 2195 944 2246 castra.
969 2192 1077 2261 quarta

96 2273 170 2334 inde
184 2273 287 2348 vigilia
302 2275 390 2348 signa
404 2273 498 2333 movit
512 2272 593 2332 mille
605 2272 700 2331 terme
711 2271 750 2330 ad
762 2270 948 2345 praesidium
961 2274 1076 2330 castro-

96 2373 165 2416 rum
179 2358 303 2418 relictis.
324 2353 637 2432 incompositilongo
654 2354 774 2436 agmine
786 2353 885 2426 effusi,
901 2353 1076 2428 infrequen-

96 2449 160 2513 tes,
182 2457 249 2501 cum
265 2449 433 2502 nocturnus
449 2457 534 2500 error
548 2438 726 2514 dissiparet,
748 2437 787 2496 ad
808 2439 912 2498 urbem
928 2449 1076 2512 pervene-

96 2532 176 2584 runt.
205 2526 300 2585 crevit
315 2525 515 2600 neglegentia,
537 2531 700 2598 postquam
716 2523 867 2581 neminem
883 2527 1031 2581 armatum
1045 2519 1077 2579 in

96 2609 192 2669 muris
205 2607 357 2669 viderunt.
379 2615 511 2668 ceterum
526 2608 577 2667 ubi
589 2608 719 2682 primum
735 2606 792 2666 sub
808 2607 869 2666 ictu
880 2605 932 2664 teli
944 2606 1074 2674 luerunt,

96 2693 219 2753 duabus
235 2693 323 2754 simul
339 2692 435 2768 portis
451 2692 626 2766 erumpitur,
642 2697 672 2749 et
686 2690 725 2748 ad
741 2692 903 2749 clamorem
915 2702 1076 2762 crumpen

95 2779 173 2837 tium
194 2777 302 2850 ingens
323 2775 468 2851 strepitus
484 2792 502 2836 e
516 2774 610 2834 muris
627 2780 711 2834 ortus
725 2773 904 2833 ululantium
917 2772 1076 2830 mulierum

97 2876 169 2921 cum
191 2860 308 2934 crepitu
322 2861 459 2934 undique
474 2858 569 2933 neris,
595 2866 625 2917 et
639 2856 794 2916 incondita
815 2854 973 2941 mullitudo
989 2853 1077 2915 turba

96 2943 234 3004 immixta
249 2943 352 3004 serviti
368 2941 460 3002 variis
474 2940 605 3003 vocibus
619 2939 816 3016 personabat.
838 2937 887 2998 hie
902 2946 962 2997 tam
977 2937 1075 2996 multi·

84 3028 170 3103 'plcx
186 3028 322 3102 undique
338 3028 476 3087 obiectus
491 3036 589 3088 terror
604 3023 712 3097 effecit,
728 3038 767 3082 ne
782 3024 933 3084 sustinere
947 3019 1074 3097 primam

97 3112 264 3186 procellam
286 3111 454 3186 eruptionis
478 3109 606 3172 Romani
630 3114 767 3183 possent.
795 3108 898 3181 itaque
925 3105 1076 3180 fugientes

96 3195 203 3270 plures
225 3211 316 3270 quam
338 3202 510 3270 pugnantes
530 3191 701 3267 interempti
724 3198 808 3254 sunt:
837 3192 888 3250 vix
910 3191 972 3250 duo
994 3188 1077 3248 milia

97 3279 254 3339 hominum
269 3295 337 3339 ernn
352 3279 420 3354 ipso
436 3279 536 3352 legato
551 3279 581 3336 in
597 3284 698 3336 castra
713 3277 919 3350 perlugerunt.
937 3289 997 3348 quo
1009 3275 1075 3331 lon·

97 3363 167 3436 gius
193 3363 249 3423 iter
273 3363 304 3422 in
331 3370 432 3422 castra
457 3369 536 3434 erat,
564 3375 601 3420 eo
623 3361 727 3435 plnres
750 3359 853 3418 fessos
877 3353 1075 3418 consectandi

96 3447 239 3507 hostibus
255 3447 345 3521 copia
359 3445 423 3506 luit.
440 3461 478 3504 ne
490 3451 625 3504 moratus
643 3443 764 3516 quidem
780 3442 809 3500 in
823 3441 931 3501 castris
943 3437 1073 3512 Appius,

98 3537 131 3590 ut
152 3547 227 3591 suos
250 3531 417 3604 dissipatos
439 3530 511 3602 luga
532 3526 701 3600 colligeret,
724 3540 802 3599 quae
817 3539 867 3583 res
890 3519 997 3596 palatis
1022 3533 1076 3594 per
