2570 3952
317 211 433 272 LIBER
447 211 536 272 XLV.
561 211 641 316 CAP.
656 219 699 276 38.
723 219 760 287 [a.
771 217 803 270 C.
818 219 881 284 167]
1026 211 1088 276 291

105 367 188 428 bano
210 365 447 440 triumpharunt3
476 379 566 424 nemo
584 365 617 424 L.
632 365 727 425 Paulo
743 364 840 440 magis
855 364 975 441 eripere
991 366 1087 428 decus

107 449 235 526 perlecti
253 450 326 510 belli
348 448 538 509 Macedonici
566 455 667 523 potest
690 465 781 524 quam
804 449 835 510 C.
856 447 975 509 Lutatio
999 449 1088 524 primi

106 534 211 596 Punici
226 533 312 609 belli,
334 549 424 608 quam
438 533 471 592 P.
489 533 628 594 Cornelio
644 532 787 607 secundi,
805 547 897 608 quam
910 533 969 594 illis
985 534 1037 608 qui
1053 533 1087 574 **

105 617 382 694 triunrphaverunt3
411 633 469 676 nec
495 617 528 676 L.
547 616 674 677 Paulum
697 615 843 676 minorem
865 623 918 676 aut
940 618 1088 678 maiorem

106 702 320 777 imperatorem
339 700 512 776 triumphus
533 699 624 760 saciet
641 721 699 756 -ε
724 699 850 760 militum
864 701 961 775 magis
981 701 1011 759 in
1027 700 1088 763 hoc

105 785 304 859 universique
319 784 425 861 populi
440 784 571 846 Romani
586 785 666 844 lama
680 782 789 859 agitur,
810 783 940 859 primum
956 799 995 842 ne
1010 785 1086 844 invi-

107 869 177 929 diae
197 875 227 927 et
247 868 357 942 ingrati
373 867 464 928 animi
485 869 635 930 adversus
655 865 857 928 clarissimum
876 883 1030 943 quemque
1045 866 1086 927 ci·

105 967 176 1012 vem
191 951 367 1026 opinionem
383 951 508 1027 habeat,
533 960 564 1013 et
577 951 685 1012 indtari
706 951 737 1012 in
752 952 811 1012 boc
826 952 975 1027 populum
991 951 1086 1012 Athe-

106 1036 253 1109 niensem,
266 1037 449 1097 lacerantem
460 1035 576 1096 invidia
585 1035 743 1112 principes
751 1050 836 1110 suos,
849 1034 997 1096 videatur.
1010 1035 1086 1096 satis

105 1126 267 1195 peccatum
281 1118 311 1179 in
327 1118 451 1180 Camillo
467 1135 486 1179 a
499 1119 665 1182 maioribus
681 1120 864 1189 vestrisest,
881 1135 972 1194 quem
986 1125 1087 1179 tamen

105 1211 175 1264 ante
194 1211 350 1278 receptam
371 1218 428 1279 per
449 1219 519 1265 eum
541 1220 561 1263 a
585 1204 677 1264 Gallis
700 1203 806 1281 urbem
821 1203 989 1274 viol'aruntr
1011 1202 1086 1262 salis
1168 1231 1185 1244 -

105 1286 234 1363 insuper
254 1303 273 1346 e
292 1286 382 1348 vobis
398 1287 428 1345 in
442 1287 474 1345 P.
490 1284 647 1347 Africano.
664 1284 777 1346 Literni
792 1286 977 1346 dondeilium
995 1292 1024 1346 et
1038 1301 1087 1344 se·

105 1371 177 1430 dem
190 1371 287 1431 luisse
301 1369 460 1430 domitoris
473 1369 612 1429 Africae!
635 1367 747 1430 Literni
763 1370 940 1443 sepulcrum
953 1367 1086 1430 ostendit

105 1453 340 1526 erubescamus,
366 1453 464 1527 gloria
488 1451 515 1512 si
539 1467 597 1528 par
616 1452 676 1512 illis
696 1451 769 1513 viris
790 1453 823 1511 L.
844 1451 956 1512 Paulus
976 1450 1088 1512 iniuria

104 1545 209 1598 vestra
229 1542 428 1612 exaequetur.
457 1534 535 1596 haec
549 1535 640 1610 igitur
655 1533 786 1612 primum
800 1535 925 1596 infamia
940 1537 1086 1610 deleatur,

106 1621 199 1682 foeda
219 1620 302 1696 apud
323 1619 399 1680 alias
422 1626 546 1695 gentes,
573 1619 723 1681 damnosa
748 1620 830 1696 apud
852 1627 985 1682 nostros.
1016 1620 1085 1694 quis

104 1704 186 1764 enim
206 1710 258 1765 aut
277 1703 415 1764 Africani
434 1710 488 1765 cut
501 1702 586 1763 Pauli
608 1703 714 1764 similis
730 1721 792 1765 erse
806 1707 838 1764 in
852 1703 971 1780 ingrata
985 1712 1016 1764 et
1030 1703 1086 1764 ini·

104 1788 184 1849 mica
207 1786 297 1849 bonis
326 1787 447 1848 civitate
468 1787 562 1847 velit?
594 1788 619 1846 si
642 1787 766 1846 infamia
786 1788 870 1846 nulla
890 1794 974 1848 esset
995 1793 1025 1846 et
1046 1788 1085 1846 de

105 1870 202 1944 gloria
222 1877 335 1931 tantum
351 1875 507 1946 ageretur,
530 1870 582 1945 qui
598 1872 719 1930 tandem
736 1871 906 1946 triumphus
924 1887 985 1932 non
1001 1887 1083 1932 com-

105 1968 228 2014 munem
251 1953 383 2016 nominis
409 1953 539 2014 Romani
563 1954 691 2028 gloriam
716 1953 828 2014 habet?
859 1962 904 2016 tot
928 1956 967 2016 de
989 1955 1084 2014 Gallis

103 2036 263 2113 triumphi,
281 2044 326 2099 tot
342 2038 382 2098 de
396 2036 559 2113 Hispanis,
577 2043 622 2098 tot
635 2038 673 2097 de
688 2037 799 2099 Poenis
815 2038 954 2114 ipsorum
968 2046 1085 2100 tantum

104 2123 320 2197 imperatorum
335 2136 373 2181 an
390 2121 496 2196 populi
507 2121 636 2181 Romani
648 2121 812 2183 dicuntur?
826 2123 1085 2197 quemadmodum

105 2223 167 2267 non
187 2206 226 2266 de
246 2204 364 2282 Pyrrho
385 2204 477 2264 modo
498 2219 557 2264 nec
572 2203 612 2263 de
625 2204 795 2264 Hannibale
809 2222 864 2266 nec
877 2207 1014 2282 Philippo
1028 2204 1086 2264 sed

104 2289 143 2348 de
158 2288 292 2364 Epirotis
310 2286 673 2363 Carthaginiensibusque
694 2293 724 2347 et
737 2287 959 2349 Macedonibus
980 2288 1084 2348 trium-

104 2372 157 2448 phi
172 2373 230 2432 acti
247 2380 327 2447 sunt,
345 2371 390 2432 sic
405 2387 467 2432 non
482 2369 532 2431 Μ’.
549 2370 657 2432 Curius
673 2377 788 2432 tantum
804 2387 862 2432 nec
876 2371 908 2431 P.
925 2370 1083 2434 cornelius

101 2473 158 2518 nec
174 2456 208 2518 Τ.
224 2457 385 2530 &coctam
406 2455 463 2516 sed
479 2454 610 2516 Romani
623 2455 853 2536 triumpharunt.
876 2456 1001 2516 militum
1018 2456 1084 2531 qui-

105 2541 174 2601 dem
195 2539 331 2624 propria¹
345 2547 394 2601 est
414 2555 522 2613 eausa,
550 2541 602 2615 qui
622 2548 652 2602 et
670 2540 731 2616 ipsi
751 2538 879 2600 laureati
900 2546 931 2602 et
951 2541 1084 2616 quisque

103 2625 195 2686 donis
221 2624 332 2700 quibus
364 2625 468 2686 donati
494 2632 566 2685 sunt
588 2625 725 2699 insignes
751 2623 936 2700 triumphum
960 2623 1082 2684 nominc

103 2708 199 2779 cient,
220 2723 357 2783 suasque
370 2716 400 2767 et
415 2707 607 2784 imperatoris
621 2708 730 2768 laudes
746 2715 891 2768 canentes
907 2723 962 2782 per
976 2707 1082 2768 urbem

102 2792 257 2851 incedunt.
286 2791 313 2851 si
336 2791 460 2865 quando
482 2807 543 2852 non
566 2791 718 2866 deportati
739 2806 778 2850 ex
799 2791 958 2865 provincia
973 2789 1082 2849 milites

102 2876 142 2934 ad
157 2875 341 2950 triumphum
356 2875 426 2949 sint,
441 2875 581 2950 tremunt,
603 2882 745 2935 ettamen
761 2880 824 2934 tum
840 2888 965 2949 quoque
980 2889 1014 2933 se
1030 2873 1082 2932 ab·

103 2965 222 3032 sentes,
240 2959 324 3035 quod
339 2959 405 3020 suis
421 2959 563 3019 manibus
576 2966 664 3036 parta
677 2958 805 3020 victoria
819 2958 873 3032 sit,
896 2956 1083 3034 triumphare

102 3043 239 3102 eredunt.
269 3041 295 3104 si
312 3043 381 3118 quis
395 3059 453 3104 vos
468 3043 649 3118 interroget,
663 3043 787 3115 milites,
810 3043 849 3102 ad
867 3059 959 3118 quam
973 3058 1037 3102 rem
1052 3041 1082 3101 in

104 3123 218 3184 ltaliam
232 3125 384 3200 deportati
399 3134 429 3187 et
442 3141 504 3187 non
520 3127 620 3187 statim
636 3126 776 3187 conlecta
790 3125 951 3201 provincia
964 3125 1083 3187 dimissi

102 3208 186 3282 sitis,
209 3207 284 3283 quid
298 3209 426 3270 Romam
441 3211 617 3285 trequentes
639 3210 697 3270 sub
712 3210 809 3286 signis
824 3211 986 3285 veneritis,
1007 3209 1083 3284 quid
1116 3269 1117 3272 ,

101 3291 261 3354 moremini
282 3290 331 3351 hic
354 3299 384 3352 et
403 3309 466 3353 non
489 3293 603 3354 diversi
624 3293 734 3355 domos
753 3295 884 3369 quisque
898 3293 1014 3354 abeatis
1029 3307 1081 3349 ve-

101 3383 198 3449 stras,
225 3375 300 3451 quid
321 3375 404 3435 aliud
424 3377 655 3452 respondeatis,
682 3393 774 3450 quam
790 3393 846 3437 vos
860 3375 1081 3451 triumphantes

103 3459 199 3520 rideri
218 3459 319 3520 vellet
345 3476 403 3521 vos
419 3467 501 3520 certe
515 3462 648 3522 victores
665 3460 804 3535 conspici
818 3462 897 3520 velle
913 3456 1080 3520 debebatis.

821 3547 877 3605 19*
