2570 3952
182 239 243 302 318
330 237 526 298 EPITOMAE
539 237 743 298 LIBRORUM
759 237 1017 297 CXXI-CXXIX.

181 389 253 430 tribus
267 387 415 435 exercitibus,
431 387 469 438 qui
484 387 506 426 ln
521 385 598 427 eadem
612 386 728 438 provincia
742 387 817 434 erant,
839 384 861 424 in
876 388 1009 438 potestatem
1023 394 1086 428 auam
1099 385 1169 427 rede·

180 445 224 495 git,
246 441 387 484 Dolabellam
408 441 431 482 ln
451 441 505 480 urbe
520 440 632 482 Laodicea
647 442 763 482 obsessum
777 439 831 480 morl
846 442 926 492 coegit.
949 439 980 482 M.
995 449 1084 492 quoque
1098 440 1171 481 Bruti

181 498 241 538 iussu
257 497 284 536 A.
298 495 408 536 Antonius
422 497 502 545 ceptus
517 495 605 535 occisus
619 496 661 536 eet.

234 548 321 592 cxxii.
342 549 374 590 M.
390 547 471 588 Brutus
490 546 598 589 adversus
613 545 709 589 Thracas
727 557 835 602 prospere
854 557 900 588 rem
915 549 997 600 gessit3
1015 546 1168 598 omnibusque

180 603 334 644 transmarinis
352 601 473 655 provinciis
492 603 672 654 exercitibusque
690 603 713 642 in
734 601 867 656 potestatem
887 603 935 642 cius
953 605 976 642 et
997 601 1022 644 C.
1038 601 1110 643 caeeis
1131 611 1166 640 re·

181 657 258 706 doctis,
275 654 491 708 coleruntSmyrnae
506 659 600 708 uterque
614 657 643 696 ad
658 655 780 696 ordinanda
794 654 932 696 bellttuturi
943 654 1045 697 consilia.
1059 653 1090 694 M.
1103 653 1164 695 urea

179 711 250 752 saliae
264 710 402 762 Poplicolam
417 709 507 750 tratrem
522 710 604 752 vietum
619 711 729 751 communi
744 709 840 750 consilio
855 709 1045 751 condonaverunt.

233 764 331 808 cxxiii.
354 763 409 806 Sex.
423 763 544 816 Pompeius
558 763 582 804 M
611 765 633 805 ni
647 763 719 814 tillus,
734 763 801 804 lectis
815 773 844 803 ex
858 763 927 816 Epiro
942 761 1115 816 proscriptione
1130 759 1164 802 iu·

179 818 266 872 gitivis,
289 831 337 860 cum
353 817 452 859 exercitu
467 817 505 860 diu
519 819 568 859 siue
582 829 596 858 u
608 819 629 858 la
643 818 687 859 loct
702 817 832 869 cuiusquam
846 817 990 869 possessione
1003 813 1126 868 praedatus
1141 817 1165 855 in

179 872 241 922 merl,
258 871 383 914 Messanam
399 871 506 924 oppidum
520 872 543 912 ln
552 871 632 913 Sicilia
645 873 748 925 primum,
764 870 844 912 deinde
858 872 928 911 totam
943 871 1081 924 provinciam
1095 879 1163 909 occu·

178 927 253 980 parite
272 927 390 978 occisoque
410 928 436 966 A.
455 927 561 978 Pompeio
581 924 699 978 Bithynico
717 927 822 978 praetore
842 924 871 970 il.
891 923 1044 965 Salvidienum
1063 923 1163 975 legatum

179 980 281 1024 Caesaris
301 979 375 1020 navali
390 979 474 1033 proelio
489 981 550 1024 vicit.
572 979 655 1021 Caesar
676 983 699 1020 et
712 978 822 1021 Antonius
842 989 890 1018 cunr
905 979 1041 1020 exercitibus
1055 977 1079 1017 ln
1093 977 1163 1018 Grae-

178 1034 234 1075 ciam
248 1035 393 1082 traiecerunt,
413 1031 497 1074 bellum
516 1035 593 1074 contre
607 1034 700 1076 Brutum
718 1037 742 1074 et
756 1032 856 1074 Cassium
870 1035 962 1084 gesturi.
983 1033 1012 1076 Q.
1030 1029 1163 1074 Cornitlcinr

178 1089 200 1128 ln
216 1086 291 1128 Airica
305 1088 330 1130 T.
346 1086 455 1134 Sextium,
472 1087 627 1129 Cassianarum
642 1089 737 1141 partium
753 1086 838 1136 ducem,
852 1086 939 1138 proelio
953 1087 1015 1127 vicit.

232 1140 327 1182 cxxiv.
348 1139 374 1182 c.
391 1139 473 1181 Caesar
492 1143 515 1181 et
529 1141 638 1182 Antonius
657 1141 716 1196 apud
730 1139 850 1193 Philippos
868 1141 930 1181 vario
951 1141 1033 1181 eventu
1052 1137 1163 1178 adversus

177 1195 269 1236 Brutum
288 1197 310 1235 et
325 1193 426 1235 Cassium
446 1198 609 1246 pugnaverunt,
631 1197 662 1236 ita
681 1198 706 1237 ut
721 1195 800 1236 dextra
815 1193 925 1246 utrimque
939 1204 1022 1235 cornua
1036 1192 1161 1242 vincerent,

178 1250 201 1290 et
214 1250 288 1289 cestra
302 1258 392 1300 quoque
410 1249 521 1300 utrimque
535 1249 562 1288 ab
578 1249 605 1290 iia
621 1250 659 1302 qui
677 1250 776 1291 vicerant
790 1250 978 1300 expugnarentur.
1000 1247 1041 1287 red
1055 1247 1162 1297 inaequa-

177 1303 221 1344 lem
236 1303 345 1344 iortunam
360 1303 454 1354 partium
469 1312 527 1342 more
543 1302 615 1344 Cassii
629 1303 689 1354 iecit,
705 1305 743 1356 qni
758 1313 807 1342 cum
822 1303 844 1343 in
860 1313 886 1343 eo
902 1313 972 1342 cornu
987 1301 1080 1348 tuiaaet,
1096 1299 1160 1352 quod

176 1356 266 1411 pulsum
281 1359 336 1408 erat,
352 1360 420 1397 totum
436 1357 557 1398 exercitum
572 1356 645 1399 iusum
660 1360 721 1398 ratus
735 1359 828 1397 mortem
842 1356 886 1398 sibi
901 1355 1015 1396 conscivit.
1034 1354 1107 1395 altero
1122 1353 1161 1394 de·

177 1410 229 1452 inde
244 1411 331 1465 proelio
346 1411 418 1451 vietus
433 1411 464 1452 Μ.
480 1413 562 1453 Brutus
576 1414 598 1451 et
612 1411 662 1464 ipse
680 1414 749 1453 vitam
763 1409 846 1460 finivit,
867 1413 959 1451 exorato
973 1409 1079 1450 Stratone
1094 1406 1161 1460 iuges

177 1465 268 1515 comite,
290 1467 314 1505 ut
328 1465 371 1505 sibi
385 1464 483 1516 gladium
497 1464 605 1517 adigeret.
621 1468 670 1506 erat
683 1475 789 1506 annorum
804 1465 885 1505 aetatis
899 1465 985 1505 circiter
1000 1461 1158 1516 quadraginta,

177 1517 271 1560 l*linter
284 1527 342 1570 quoa
357 1518 385 1562 Q.
400 1517 532 1560 Hortensius
546 1520 634 1560 occisus
649 1522 691 1562 est.

231 1571 317 1614 CXXV.
333 1572 358 1614 C.
374 1570 457 1612 Caesar
471 1573 548 1612 relicto
563 1575 625 1614 trans
639 1583 698 1614 mare
712 1573 815 1624 Antonio,
832 1582 889 1624 quae
903 1573 1031 1625 provinciae
1046 1583 1075 1612 ex
1089 1572 1157 1624 parti.

177 1629 238 1669 tione
257 1626 343 1678 imperii
363 1625 385 1664 in
404 1627 539 1677 potestatem
558 1627 607 1667 eius
626 1629 753 1676 cesserant,
773 1635 877 1668 reversus
898 1627 921 1667 in
940 1627 1025 1668 italiam
1045 1627 1158 1668 veteranis

175 1689 242 1732 agros
261 1679 345 1722 divinit.
365 1677 488 1721 seditiones
507 1680 618 1721 exercitus
638 1680 686 1730 eui,
707 1691 763 1733 quae
783 1681 880 1733 corrupti
900 1679 1051 1720 enutriant.
1066 1680 1159 1720 Antonii

176 1744 246 1775 uxore
260 1732 344 1774 milites
357 1732 465 1775 adversus
478 1733 633 1786 imperatorem
647 1744 710 1775 suum
725 1736 902 1783 concitaverant,
918 1745 967 1775 eum
981 1733 1043 1785 gravi
1056 1733 1159 1786 periculo

176 1787 281 1830 inhibuit.
306 1786 331 1828 L.
346 1787 455 1828 Antonius¹
477 1786 566 1837 consul,
586 1787 617 1829 M.
633 1788 722 1830 Antonii
738 1788 820 1840 trater,
840 1787 916 1830 eadem
931 1787 1009 1828 Fulvia
1024 1787 1158 1829 consiliante

175 1841 259 1882 beilum
275 1841 365 1882 Caesari
379 1840 467 1889 intulit;
481 1842 580 1894 receptis
593 1843 616 1882 tu
630 1846 706 1896 partes
720 1854 773 1885 suas
787 1843 886 1895 populis,
901 1852 994 1894 quorum
1009 1842 1055 1893 agri
1070 1843 1158 1882 vetera-

175 1897 211 1938 nis
229 1895 340 1948 adsignati
360 1898 433 1944 erant,
455 1897 478 1935 et
491 1895 522 1936 M.
537 1895 637 1948 Lepido,
657 1898 695 1949 qui
710 1896 825 1938 custodiae
839 1897 901 1940 urbis
917 1907 965 1936 cum
980 1896 1080 1937 exercitu
1092 1906 1157 1949 prae·

175 1952 229 2000 erat,
245 1948 302 1998 iuso,
317 1947 430 1990 hostiliter
444 1950 466 1988 in
481 1950 556 1989 urbem
571 1951 658 2002 irrupit.
847 1997 850 2004 Ι

229 1999 345 2044 CXXXVl.
360 2001 443 2044 Caesar
457 2013 506 2042 cnm
521 2005 582 2044 esset
596 2014 701 2045 annorum
715 2005 794 2056 viginti
807 2003 888 2054 trium,
904 2004 1021 2046 obsessum
1036 2004 1058 2044 in
1072 2003 1156 2056 oppido

174 2057 267 2098 Perusia
287 2055 312 2096 L.
334 2056 453 2096 Antonium
475 2059 623 2109 conatumque
644 2057 765 2112 aliquoties
785 2069 901 2110 erumpere
920 2060 943 2099 et
962 2057 1077 2110 repulsum
1098 2057 1157 2099 lame

175 2111 248 2162 coegit
262 2111 284 2150 in
299 2109 434 2150 deditionem
448 2111 537 2160 venire,
556 2113 646 2164 ipsique
660 2115 684 2153 et
698 2113 801 2154 omnibus
815 2112 923 2154 militibus
938 2111 986 2154 eius
1000 2112 1099 2164 ignovit,
1114 2111 1156 2152 Pe-

174 2165 256 2206 rusiam
275 2163 350 2207 diruit.
372 2164 515 2217 redactisque
533 2164 556 2205 ln
575 2168 709 2218 potestatem
723 2177 785 2208 suam
800 2165 902 2208 omnibus
917 2165 1018 2221 diversae
1032 2166 1104 2220 partie
1118 2177 1156 2206 ex·

174 2219 281 2260 eroitibus
293 2217 379 2260 bellurn
394 2221 450 2262 citra
465 2219 535 2262 ullum
549 2221 679 2272 sanguinem
693 2221 795 2262 conlecIt.

228 2271 335 2318 CXXVM,
357 2271 432 2314 Parthi
453 2275 563 2324 Labieno,
586 2274 625 2326 qui
642 2275 824 2327 Pompeianarum
846 2275 941 2326 partium
957 2271 1041 2323 iuerat,
1061 2271 1155 2314 ducein

174 2325 261 2378 Syriam
275 2327 408 2379 irruperunt,
423 2329 529 2379 victoque
540 2327 634 2369 Decidio
647 2327 708 2368 Saxa
722 2329 753 2370 M.
767 2328 858 2369 Antonii
872 2326 946 2379 legato
961 2330 1030 2367 totum
1041 2338 1089 2367 eam
1104 2335 1156 2380 pro·

173 2381 268 2420 vinciam
288 2383 459 2434 occupaverunt.
480 2381 510 2422 M.
529 2383 638 2423 Antonius
653 2392 702 2422 cum
716 2381 744 2422 ad
758 2382 843 2424 bellum
863 2379 970 2422 adversus
986 2379 1104 2422 Caesarem
1117 2392 1154 2432 ge·

173 2433 265 2474 rendum
279 2437 371 2487 paratur
385 2437 452 2484 esset,
468 2443 538 2475 uxore
552 2434 629 2476 Fulvia
643 2437 730 2486 amissa,
747 2446 806 2487 quae
816 2434 947 2476 concordiae
957 2433 1036 2475 ducum
1046 2433 1155 2482 obstaret,

174 2499 229 2541 pace
247 2487 307 2529 taeta
326 2497 375 2528 cum
395 2487 490 2530 Ceesare
511 2499 609 2529 sororem
624 2489 672 2531 eius
687 2489 802 2530 Octavium
815 2489 839 2530 ln
853 2489 1016 2530 matrimonIum
1031 2487 1104 2529 duxlt.
1125 2488 1154 2533 0.

102 2544 103 2548 ’
173 2540 326 2582 Salvidienum
346 2540 438 2583 consilia
456 2540 540 2582 neiuria
560 2542 668 2584 adversus
687 2541 803 2584 Caesarem
822 2543 921 2583 molitum
938 2541 1019 2584 indicio
1040 2552 1081 2584 suo
1101 2553 1154 2595 pro·

174 2595 253 2644 traxit,
275 2595 340 2646 isque
360 2594 477 2636 damnatus
491 2598 583 2652 mortem
597 2597 639 2636 sibi
655 2596 769 2641 consciuit.
790 2597 816 2638 P.
830 2596 947 2638 Ventidius
962 2595 1050 2636 Antonii
1065 2595 1154 2648 legatus

173 2646 267 2690 Parthos
281 2647 367 2700 proelio
382 2651 455 2692 victos
470 2649 534 2702 Syria
549 2650 647 2704 expulit,
662 2651 759 2692 Labieno
773 2661 849 2692 eorum
864 2649 920 2691 duce
934 2650 1015 2692 occiso.
1035 2661 1084 2690 eum
1099 2651 1152 2691 vici-

173 2713 215 2744 nus
233 2702 311 2744 italiae
329 2701 400 2746 hostie
418 2703 472 2745 Sex.
488 2703 607 2757 Pompeius
626 2703 725 2746 Siciliam
742 2708 829 2746 teneret
846 2707 870 2745 et
885 2705 1038 2746 commercium
1051 2714 1153 2745 annonae
1263 2745 1264 2754 ,

173 2755 297 2810 impediret,
312 2769 361 2798 curn
375 2769 401 2798 eo
416 2757 550 2811 postulatam
564 2769 641 2813 pacem
657 2757 739 2802 Caesar
752 2763 775 2800 et
787 2758 896 2801 Antonine
910 2758 1018 2808 lecerunt,
1033 2759 1065 2800 its
1079 2760 1103 2798 ut
1117 2757 1153 2799 Si·
1195 2773 1196 2776 ¹
1263 2759 1264 2794 i

172 2811 245 2852 ciliam
260 2811 395 2864 provinciam
409 2809 509 2856 haberet.
524 2817 640 2866 praeterea
651 2815 726 2854 motus
734 2813 821 2856 Airicee
834 2815 856 2854 et
866 2811 964 2853 bellaibi
972 2814 1036 2866 gesta
1047 2813 1152 2854 continet.
1263 2809 1264 2816 ’

226 2865 342 2910 cxxviii.
359 2867 412 2909 Cum
426 2867 481 2910 Sex.
497 2868 614 2921 Pompeiae
628 2877 704 2908 rursus
718 2866 840 2909 latrociniis
854 2877 913 2908 mare
927 2865 1030 2908 inieetum
1040 2864 1151 2914 redderet,

173 2931 214 2961 nec
227 2931 303 2974 pacem
319 2933 385 2973 quam
399 2925 515 2975 acceperat
529 2923 659 2975 praestaret,
676 2921 758 2963 Caesar
771 2920 898 2964 necessario
913 2919 973 2960 bello
987 2920 1152 2962 adversnsenur

172 2975 292 3026 suscepto,
312 2975 399 3015 duobus
417 2975 534 3017 navalibus
552 2975 646 3028 proellis
665 2973 732 3015 dubio
752 2978 832 3016 eventu
849 2975 965 3026 pugnavit.
987 2974 1015 3018 P.
1035 2973 1151 3016 Ventidius

173 3028 260 3080 legatus
275 3028 306 3072 M.
321 3028 411 3068 Antonii
425 3027 521 3068 Parthos
534 3030 558 3069 in
573 3029 638 3081 Syria
652 3028 720 3078 vicit,
741 3039 860 3081 regemque
874 3039 948 3068 eorum
963 3027 1054 3070 occidit.
1074 3027 1151 3069 ludaei

172 3090 262 3134 quoque
270 3093 283 3120 a
290 3080 370 3134 legatie
378 3083 468 3123 Antonii
475 3082 562 3124 subacti
569 3085 629 3124 eunt.
639 3085 755 3134 praeterea
764 3083 817 3124 belii
826 3081 897 3123 Siculi
907 3085 1036 3134 apparatum
1044 3083 1150 3123 continet.

226 3133 324 3181 CXXIX.
343 3135 457 3177 Adversus
476 3135 531 3176 Sex.
546 3134 676 3188 Pompeium
696 3137 758 3177 rarle
778 3137 860 3178 eventu
874 3137 991 3177 navalibus
1004 3134 1097 3188 proellis
1111 3147 1150 3188 pu-

171 3190 262 3242 gnatum
278 3192 325 3240 est,
346 3189 416 3230 itaut
431 3201 460 3231 ex
476 3189 560 3230 duabus
576 3190 677 3232 caesaris
697 3189 807 3233 classibus
821 3189 905 3240 altera,
926 3191 961 3231 cul
974 3191 1074 3243 Agrippa
1087 3200 1149 3242 prae·

171 3245 226 3293 eret,
241 3244 347 3295 vinceret,
362 3243 441 3294 altera,
456 3253 521 3294 quam
533 3242 615 3284 Caesar
631 3244 731 3294 duxerat,
747 3243 821 3287 deleta
835 3244 930 3297 expositi
944 3245 966 3284 in
978 3245 1060 3286 terram
1067 3243 1150 3284 milites

171 3299 193 3338 in
208 3309 287 3350 magno
306 3297 406 3352 periculo
421 3302 505 3343 essent.
525 3297 598 3339 victus
612 3297 693 3340 deinde
706 3298 825 3352 Pompeius
840 3299 861 3338 in
877 3297 977 3339 Siciliam
991 3296 1097 3351 profugit.
1119 3295 1149 3339 M.

171 3352 283 3404 Lepidus,
305 3351 343 3404 qui
362 3364 391 3393 ex
405 3351 480 3393 Africa
498 3352 561 3393 velut
578 3351 607 3392 ad
621 3354 749 3395 societatem
763 3352 817 3395 beili
832 3354 910 3392 eontra
923 3351 977 3392 Sex.
994 3352 1122 3403 Pompeium
1135 3361 1150 3390 a

172 3406 267 3447 Caesare
281 3404 373 3459 gerendi
386 3407 513 3456 traiecerat,
529 3417 577 3447 cum
591 3406 675 3448 bellurn
689 3406 779 3448 Caesari
793 3416 882 3458 quoque
897 3404 999 3456 interret,
1013 3405 1107 3446 relictus
1121 3404 1149 3444 ab

172 3462 282 3510 exercitu,
297 3462 402 3513 abrogato
417 3459 568 3504 triumviratus
582 3459 666 3500 bonore
680 3462 747 3501 vitam
762 3461 895 3512 impetrarit.
915 3459 947 3502 M.
962 3461 1060 3512 Agrippa
1076 3457 1148 3500 navali

172 3522 252 3552 corona
267 3525 279 3552 a
296 3516 390 3556 caesare
406 3513 500 3555 donatus
515 3517 562 3566 est3
576 3516 615 3566 qui
629 3513 701 3556 honos
713 3513 769 3556 nulii
783 3517 834 3555 ante
849 3525 899 3555 eum
913 3511 1002 3554 habitus
1017 3517 1072 3553 erat.
1131 3557 1149 3570 '¹
