2592 3964
95 303 96 306 Ν
192 229 233 292 to
338 229 598 290 nrannxxxtx.
622 229 1033 301 CAP.11.12.[a.u.c.5dd]

188 392 298 460 gantes
320 384 390 443 hinc
412 391 507 443 mater
521 383 591 442 hinc
606 382 732 442 vitricus
747 397 817 441 cnm
833 390 976 457 quattuor
990 395 1060 440 eurn
1074 379 1176 441 servis

189 469 283 529 domo
300 477 477 542 exegerunt.
498 467 682 528 adolescens
697 464 769 525 inde
780 465 819 525 ad
832 464 994 525 Aebutiam
1005 479 1042 524 se
1053 464 1175 524 amitam

190 551 327 626 contulit,
343 566 529 626 causamque
544 549 573 610 ei
589 565 643 610 cur
657 555 742 609 esset
755 565 775 608 a
789 556 885 608 matre
900 549 1017 608 eiectus
1032 548 1176 618 narravit,

189 635 304 694 deinde
319 651 358 693 ex
372 634 552 695 auctoritate
567 635 634 694 eius
646 641 773 708 postero
784 633 834 691 die
846 633 886 692 ad
897 632 1056 692 consulem
1067 632 1176 692 Postu»

190 719 284 778 mium
294 719 416 778 arbitris
427 715 553 778 remotis
565 733 628 776 rem
637 715 752 777 detulit.
769 717 877 776 consul
890 725 960 790 post
968 715 1047 773 diern
1055 713 1176 775 tertium

189 802 291 862 redire
301 803 342 861 ad
356 817 392 862 se
402 801 522 860 iussum
535 800 664 869 dimisit;
685 798 754 874 ipse
766 798 932 874 Sulpiciam
948 814 1073 873 gravem
1091 797 1177 857 lemi-

187 900 269 959 nam‚
285 901 409 946 socrum
423 901 520 957 suam,
533 889 748 960 percunctatus
760 891 816 956 est,
829 897 958 956 ecquam
970 897 1061 941 anum
1071 883 1176 941 Aebu-

188 971 260 1029 tinm
273 970 470 1030 exAventino
483 977 600 1028 nosset.
617 983 685 1028 curn
699 982 870 1027 eamnosse
881 967 1009 1042 probam
1018 972 1048 1024 et
1058 964 1175 1040 antiqui

188 1051 285 1112 moris
300 1053 443 1112 seminam
459 1052 689 1126 respondisset,
712 1067 792 1125 opus
808 1065 879 1110 esse
894 1049 953 1110 sibi
968 1065 1006 1108 ea
1024 1058 1176 1108 conventa

186 1135 280 1195 dixit:
302 1135 432 1196 mitteret
446 1135 584 1195 nuntium
595 1136 636 1194 ad
647 1150 724 1208 eam,
739 1141 771 1194 ut
782 1133 908 1192 veniret.
932 1132 1065 1192 Aebutia
1076 1133 1175 1193 accita

188 1220 228 1277 ad
244 1217 409 1292 Sulpiciam
430 1217 530 1287 venit;
553 1224 583 1276 et
597 1219 704 1278 consul
720 1219 813 1292 paulo
828 1224 915 1292 post,
939 1216 1022 1276 velut
1037 1217 1114 1276 lorte
1129 1215 1174 1274 in·

187 1302 386 1377 tervenisset,
407 1317 581 1361 sermonem
596 1302 635 1362 de
649 1299 781 1360 Aebutio
798 1300 899 1360 ironis
914 1300 981 1360 eius
997 1299 1059 1360 filio
1075 1299 1174 1358 insert.

189 1383 334 1445 lacrimae
349 1384 468 1446 mulieri
483 1383 626 1458 obortae,
650 1393 681 1444 et
693 1383 831 1444 miserari
846 1399 951 1443 casum
967 1383 1174 1444 adolescentis

187 1467 306 1542 coepit,
329 1469 380 1544 qui
396 1468 547 1543 spoliatus
562 1467 693 1530 fortunis
708 1485 727 1528 a
742 1467 855 1543 quibus
870 1467 993 1528 minime
1009 1475 1173 1541 oporteret,

187 1553 273 1626 apud
288 1568 324 1612 se
338 1561 411 1612 tunc
426 1560 524 1626 esset,
547 1551 662 1612 eiectus
678 1560 821 1624 amatre,
837 1551 922 1625 quod
937 1551 1054 1624 probus
1069 1550 1173 1610 adole·
1252 1578 1260 1595 ι

185 1633 388 1697 scens--dii
413 1633 538 1710 propitii
565 1643 719 1695 essent-
735 1635 895 1704 obscenis,
923 1641 956 1694 ut
981 1636 1061 1693 lama
1080 1641 1172 1706 esset,

188 1719 287 1778 sacris
309 1717 420 1777 initiari
441 1719 543 1778 nollet.
578 1718 641 1778 ΧΠ.
669 1719 745 1779 satis
767 1719 960 1792 exploratum
980 1718 1020 1777 de
1039 1716 1172 1778 Aebutio

186 1809 272 1862 ratus
294 1802 402 1862 consul
418 1815 480 1860 non
495 1816 608 1860 vanum
622 1809 778 1862 auctorem
793 1817 881 1877 esse,
902 1801 1030 1862 dimissa
1042 1801 1174 1862 Aebutia

188 1899 310 1944 socrum
332 1892 434 1958 rogat,
456 1891 491 1944 ut
503 1885 662 1958 Hispalam
682 1883 817 1945 indidem
838 1900 878 1946 ex
891 1885 1043 1945 Aventino
1060 1884 1173 1944 liberti-

188 1982 267 2040 nam,
282 1984 344 2028 non
358 1969 493 2041 ignotam
507 1967 646 2042 viciniae,
663 1975 836 2029 arcesseret
849 1968 890 2030 ad
904 1984 991 2030 sesce
1011 1984 1080 2028 earn
1096 1985 1169 2044 quo·-

188 2067 249 2126 que
271 2067 343 2112 esse
359 2068 439 2126 quae
454 2052 647 2127 percunctari
661 2053 759 2113 vellet.
794 2053 834 2112 ad
849 2050 937 2113 cuius
951 2050 1088 2112 nuntium
1103 2068 1172 2128 per*-

189 2134 309 2196 turbata
322 2133 460 2211 Hispala,
476 2137 559 2211 quod
574 2135 616 2195 ad
630 2143 691 2196 tarn
706 2135 838 2196 nobilem
850 2144 881 2195 et
891 2151 1017 2210 gravem
1029 2135 1172 2196 feminam

187 2220 293 2292 ignara
305 2234 419 2280 causae
430 2226 649 2292 arcesseratur,
662 2227 828 2295 postquam
842 2217 965 2280 lictores
976 2218 1006 2278 in
1019 2220 1171 2279 vestibulo

185 2302 368 2378 turbamque
398 2304 593 2363 consularem
622 2310 653 2362 et
680 2304 838 2364 consulem
867 2303 970 2378 ipsum
992 2303 1171 2378 conspexit,

187 2401 287 2462 prope
305 2386 478 2445 exanimata
500 2395 557 2446 est.
590 2385 621 2445 in
642 2385 817 2446 interiorem
837 2393 954 2461 partem
975 2385 1097 2446 aedium
1117 2386 1171 2446 ab·

187 2469 308 2528 ductam
329 2483 423 2529 socru
437 2467 574 2529 adhibita
586 2470 710 2543 consul,
732 2469 847 2530 sivero
862 2469 965 2530 dicere
980 2469 1126 2529 inducere
1139 2470 1170 2529 in

185 2551 320 2611 animum
334 2559 452 2627 posset,
469 2562 561 2627 negat
574 2552 746 2628 perturbari
760 2551 891 2622 debere;
907 2553 999 2613 iidem
1011 2555 1059 2614 vel
1072 2571 1090 2613 a
1103 2552 1171 2614 Sul-

186 2634 281 2710 picia,
305 2635 356 2696 tali
378 2635 504 2708 lamina,
530 2637 580 2695 vel
601 2637 639 2697 ab
659 2652 695 2696 se
708 2640 879 2712 acciperet;
901 2644 1098 2713 expromeret
1112 2633 1169 2698 sibi

188 2717 312 2792 quaein
329 2721 398 2780 luco
412 2717 536 2780 Similae
546 2719 789 2782 Bacchanalibus
805 2720 836 2780 in
851 2735 940 2782 sacro
956 2729 1107 2782 nocturno
1119 2737 1170 2781 so·

187 2805 285 2862 lerant
308 2803 385 2864 lieri.
420 2803 480 2864 hoc
505 2804 558 2864 ubi
583 2803 712 2877 audivit,
742 2812 845 2866 tantus
873 2821 972 2879 pavor
995 2803 1171 2880 uemoique

187 2888 322 2947 omnium
343 2889 549 2949 membrorum
570 2887 727 2949 mulierem
742 2887 838 2964 cepit,
860 2897 893 2950 ut
907 2887 961 2951 diu
973 2888 1094 2950 hiscere
1109 2905 1170 2950 non

186 2980 304 3044 posset.
327 2970 451 3031 tandem
466 2971 644 3032 confirmata
658 2972 792 3048 puellam
808 2973 973 3034 admodum
984 2989 1020 3034 se
1031 2973 1170 3032 ancillam

184 3051 333 3114 initiatam
354 3070 424 3115 cum
446 3053 570 3115 domina
590 3055 644 3116 ait=
671 3055 788 3131 aliquot
807 3058 910 3131 annis,
931 3073 971 3116 ex
987 3072 1048 3133 quo
1065 3072 1169 3116 mann·

184 3137 283 3197 missa
305 3139 357 3212 sit,
380 3137 453 3199 nihil
474 3139 547 3214 quid
566 3138 608 3200 ibi
628 3140 682 3201 ilat
702 3141 790 3201 scire.
824 3141 883 3201 iam
897 3142 929 3202 id
943 3141 1043 3217 ipsum
1061 3141 1170 3201 consul

188 3221 330 3295 laudare,
352 3237 420 3282 cum
441 3221 587 3285 initiatam
608 3241 643 3284 se
659 3241 720 3286 non
735 3223 928 3287 infitiaretur:
952 3226 1009 3288 sed
1024 3231 1055 3286 et
1068 3233 1169 3283 cetera

187 3305 296 3366 eadem
321 3306 383 3366 fide
406 3317 607 3383 expromeret.
640 3310 762 3384 neganti
787 3311 866 3370 tdbu
895 3309 1060 3386 quicquam
1080 3307 1170 3380 seire,

187 3407 250 3451 non
271 3391 401 3451 eandem
416 3390 533 3463 dicere,
555 3393 583 3454 si
598 3401 782 3469 coarguatur
795 3394 834 3453 ab
849 3391 925 3468 alio,
946 3409 984 3453 ac
1004 3409 1061 3468 per
1075 3407 1110 3452 se
1127 3389 1141 3448 l
1157 3421 1169 3432 -

186 3475 262 3534 tenti
278 3474 396 3538 veniam
408 3482 459 3536 aut
469 3476 596 3552 gratiam
609 3477 692 3549 lore;
708 3493 778 3540 eum
788 3477 847 3538 sibi
858 3475 961 3539 omnia
972 3473 1170 3552 exposuisse.
