2598 3956
312 209 427 270 Llsslllt
440 205 514 268 xtl.
539 208 913 288 cAP.aa.ao.[a.c.1m]
1047 206 1108 275 127

124 360 343 424 multitudinem
356 359 545 434 Eupolemus
561 360 650 418 etiarn
667 358 778 421 obvius
793 361 925 434 exierat,
941 377 1009 422 cum
1026 364 1107 423 salu-

122 447 237 510 tatione
258 445 391 518 henigne
412 441 534 517 excepti
554 451 660 504 essent
674 444 862 520 dextraeque
884 444 988 520 datae,
1007 447 1107 521 ingre·

124 531 242 594 dientes
257 535 394 604 portam,
415 526 508 586 fidem
531 527 632 587 datam
654 527 795 604 deosque
810 535 906 590 testes
920 531 1108 605 nequiquam

122 615 303 676 invocantes
318 609 467 670 interlech‘
483 616 561 670 sunt.
583 611 655 670 inde
669 612 794 686 gravius
809 611 848 672 de
862 613 981 688 integro
993 614 1109 674 bellum
1127 672 1130 677 ,

122 695 248 758 exarsit.
278 695 308 756 C.
323 694 466 754 Valerius
485 693 638 754 Laevinus
660 701 690 755 et
703 696 762 770 Ap.
779 693 923 756 Claudius
936 696 1064 757 Pulcher
1078 704 1108 758 et

123 781 155 843 G.
170 779 331 841 Memmius
352 786 383 838 et
395 777 434 838 M.
451 776 598 852 Popillius
620 786 650 840 et
663 779 696 838 L.
713 779 875 840 Canuleius
895 779 982 840 missi
1003 781 1042 840 ab
1057 797 1107 841 se-

122 871 196 926 natu
209 869 366 924 venerant.
389 863 473 936 apud
488 876 543 924 eos
558 878 626 924 cum
637 861 764 937 Delphis
780 863 938 940 utriusque
953 864 1047 939 partis
1064 866 1106 923 le-

122 949 184 1026 gati
210 961 322 1022 magno
348 947 511 1006 certamine
535 953 673 1020 agerent,
697 946 857 1007 Proxenus
882 947 1013 1007 maxime
1038 963 1107 1008 cum

123 1049 218 1094 causa
232 1039 295 1092 tum
307 1029 482 1105 eloquentia
492 1038 650 1106 praestare
663 1031 749 1090 visus
762 1037 824 1100 est;
841 1029 893 1105 qui
905 1045 1023 1106 paucos
1035 1037 1107 1108 post

123 1116 190 1178 dies
205 1115 244 1176 ab
257 1113 425 1175 Orthobula
439 1128 536 1175 uxore
547 1129 667 1174 veneno
679 1121 727 1174 est
739 1114 888 1189 sublatus,
900 1115 1105 1191 damnataque

122 1216 161 1263 eo
177 1200 301 1261 crimine
315 1199 347 1257 in
361 1198 503 1260 exsilium
517 1197 598 1259 abiit.
620 1198 701 1258 idem
715 1198 800 1259 luror
811 1204 841 1258 et
852 1197 1013 1260 Cretenses
1025 1200 1105 1260 la'ce-

121 1286 218 1344 rabat.
242 1283 376 1342 adventu
399 1281 510 1342 deinde
525 1281 559 1354 Q.
574 1281 698 1342 Minucii
717 1279 823 1364 legati,
847 1283 899 1357 qui
914 1297 984 1342 cum
999 1283 1104 1343 decem

122 1367 254 1429 navibus
267 1366 382 1426 missus
394 1365 434 1424 ad
447 1364 585 1425 sedanda
596 1381 702 1426 eorum
715 1365 879 1427 certamina
891 1373 963 1440 erat,
975 1365 1006 1424 in
1018 1381 1107 1440 spem

122 1452 210 1528 pacis
235 1455 392 1510 venerant.
430 1456 563 1508 ceterum
589 1448 725 1508 indutiae
749 1455 866 1509 tantum
889 1464 946 1509 sex
965 1465 1106 1510 mensum

122 1537 259 1597 fuerumt
281 1534 352 1594 inde
367 1534 461 1592 multo
476 1531 599 1606 gravius
612 1532 725 1593 bellum
737 1533 859 1592 exarsit.
881 1532 969 1611 Lycii
982 1549 1106 1607 quoque
1168 1587 1172 1593 .

122 1635 179 1696 per
192 1619 273 1680 idem
288 1624 409 1692 tempus
425 1616 463 1676 ab
474 1614 603 1676 Rhodiis
618 1617 698 1676 bello
712 1617 913 1678 vexabantur.
934 1616 991 1676 sed
1006 1624 1105 1678 exter·

123 1719 231 1764 norum
246 1702 325 1762 inter
339 1715 375 1761 se
389 1700 478 1774 bella,
497 1717 559 1775 quo
576 1715 717 1777 quaeque
731 1700 824 1762 modo
839 1709 927 1776 gesta
941 1709 1021 1776 sunt,
1036 1717 1106 1777 per-

122 1785 213 1863 sequi
229 1802 289 1846 non
305 1799 418 1861 operae
433 1791 481 1845 est
495 1782 570 1844 satis
586 1801 743 1863 superque
760 1786 861 1846 oneris
877 1785 1039 1846 sustinenti
1054 1801 1106 1846 res

2 1888 6 1934 t
122 1887 142 1932 a
156 1872 272 1948 populo
288 1870 427 1931 Romano
441 1875 546 1944 gestas
562 1869 707 1929 scribere.

207 1953 314 2014 XXVI.
337 1951 477 2013 Celtiberi
497 1952 527 2012 ln
541 1952 705 2028 Hispania,
729 1953 780 2029 qui
795 1952 876 2014 bello
891 1952 998 2014 domiti
1013 1967 1048 2012 se
1062 1951 1105 2012 Ti.
1175 1981 1176 1988 .

124 2038 261 2099 Graccho
278 2037 467 2110 dediderant,
482 2035 584 2112 pacati
597 2045 772 2098 manserant
784 2037 825 2096 M.
839 2036 948 2098 Titinio
963 2043 1106 2113 praetore

124 2122 278 2183 obtinente
293 2120 491 2196 provinciam,
502 2120 688 2181 rebellarunt
699 2120 757 2180 sub
769 2120 933 2181 adventum
945 2123 1005 2196 Ap.
1018 2120 1105 2181 Clau·

126 2206 183 2281 dii,
204 2207 331 2282 orsique
345 2205 459 2265 bellurn
480 2211 552 2264 sunt
566 2204 614 2264 ab.
627 2202 787 2278 repentina
811 2207 1042 2280 oppugnatione
1057 2220 1106 2264 ca-

90 2285 95 2296 '
123 2291 478 2352 strorumRomauorum.
494 2287 593 2363 prima
606 2289 660 2347 tux
674 2288 768 2348 terme
783 2293 856 2362 erat,
872 2303 941 2348 cum
951 2286 1060 2362 vigiles
1075 2287 1106 2347 in

122 2375 203 2436 vallo
219 2374 334 2451 quique
348 2372 379 2433 in
394 2377 550 2449 portarum
565 2369 747 2434 stationibus
762 2379 857 2446 erant,
873 2387 942 2432 cum
955 2370 1107 2432 vidissent

123 2461 232 2534 procul
247 2458 417 2518 venientem
431 2455 567 2531 hostem,
586 2457 626 2517 ad
641 2471 725 2517 arma
739 2457 1017 2518 conclamaverunt.
1043 2457 1105 2531 Ap.

123 2543 269 2605 claudius
284 2542 373 2617 signo
389 2540 550 2620 proposito
567 2555 697 2616 pugnae,
713 2541 820 2616 paucis
836 2539 1014 2601 adhortatus
1029 2537 1105 2599 mili-

122 2634 185 2702 tes,
206 2626 303 2689 tribus
323 2623 414 2686 simul
435 2624 532 2700 portis
553 2624 668 2685 eduxit.
701 2624 919 2686 obsistentibus
938 2623 978 2684 ad
993 2624 1106 2683 exitum

124 2711 281 2772 Celtiberis
295 2710 394 2786 primo
409 2725 467 2783 par
479 2708 632 2805 utrimque
647 2708 795 2784 proelium
812 2707 876 2782 luit,
894 2708 966 2783 quia
981 2714 1107 2782 propter

122 2795 281 2891 angustias
303 2809 366 2854 non
387 2807 493 2854 omnes
513 2779 579 2852 inl
566 2791 705 2853 lancibus
726 2806 863 2866 pugnare
884 2796 1025 2866 poterant
1044 2789 1105 2849 Ro-

123 2879 219 2938 mani:
247 2883 392 2964 urgentes
413 2875 525 2936 deinde
545 2876 597 2936 alii
618 2875 695 2936 alios
717 2876 816 2936 sicubi
840 2882 1005 2934 evaserunt
1019 2880 1108 2933 extra

123 2963 245 3036 vallum,
264 2957 296 3024 ut‘
311 2961 449 3037 pandere
466 2959 563 3020 aciem
577 2966 608 3020 et
621 2958 789 3035 exaequari
804 2956 948 3020 cornibus
962 2957 1105 3029 hostium,

2 3063 6 3082 ²
125 3045 236 3123 quibus
252 3045 502 3118 circumibantur,
520 3050 664 3119 possent,
679 3043 722 3105 ita
735 3051 861 3119 repente
875 3043 1058 3118 irruperunt,
1073 3047 1107 3102 ut

124 3130 275 3191 sustinere
290 3131 437 3206 impetum
452 3143 558 3190 eorum
570 3126 709 3188 Celtiberi
724 3125 894 3202 nequirent
914 3134 984 3188 ante
998 3125 1106 3187 horam

123 3215 292 3276 secundam
306 3213 387 3290 pulsi
399 3219 485 3274 sunt.
501 3212 541 3273 ad
554 3211 728 3288 quindecim
739 3211 821 3272 milia
831 3227 920 3274 caesa
934 3217 988 3272 aut
1000 3217 1105 3285 capta·

123 3296 213 3374 signa
227 3298 371 3374 adempta
386 3297 448 3359 duo
465 3303 495 3357 et
507 3296 638 3371 triginta
673 3302 774 3356 eastra
787 3295 877 3356 etiam
891 3310 928 3355 eo
944 3294 994 3354 die
1009 3306 1105 3386 expu-

123 3390 230 3458 gnata,
256 3383 517 3456 debellatumque.
550 3395 620 3440 nam
641 3381 693 3454 qui
714 3381 894 3457 superfuere
914 3375 1048 3472 proelio,
1074 3373 1105 3432 in

124 3468 240 3566 oppida
255 3481 313 3526 sua
327 3463 436 3539 dilapsi
453 3470 533 3534 sunt.
556 3464 649 3539 quieti
664 3462 775 3524 deinde
791 3467 956 3538 paruerunt
967 3455 1104 3532 imperio.
